1751 3042
815 113 869 154 15

65 245 185 294 ὤτων
219 254 424 310 κρατεῖν
464 252 583 295 δεῖν.
644 253 892 297 Ita‘autem
921 255 1096 296 nostras
1127 266 1255 298 aures
1291 252 1473 309 gravius
1509 250 1614 308 quid

63 329 159 382 pati
189 343 319 382 quam
349 330 441 383 lupi
471 330 635 383 opinor.
696 331 858 385 Vulgal
866 343 935 373 am
965 330 1196 374 lectionem
1225 330 1418 373 retinere
1456 330 1613 384 possis,

65 403 105 448 si
134 407 305 449 vertas:
347 406 493 462 lupum
523 405 703 451 auribus
733 408 884 451 tenere
915 409 1135 462 recusant,
1167 405 1280 450 sive:
1319 406 1468 460 lupum
1497 405 1613 450 auri-

63 482 145 524 bus
162 473 261 525 'non
281 485 422 537 teneo,
454 482 592 526 aiunt.
637 483 700 526 At
719 483 865 526 nescio
886 495 944 526 an
963 483 1044 525 hoc
1064 483 1158 525 loco
1174 483 1440 527 Plutarchus
1463 482 1613 525 eadem

63 557 412 611 breviloquentia
442 561 593 602 utatur
622 572 708 612 qua
736 573 776 613 p.
808 562 906 614 559,
944 559 990 602 G.
1022 554 1050 616 ἢ
1079 554 1262 616 λήσομεν
1290 555 1353 609 εἷς
1381 555 1455 600 τὸν
1482 554 1615 614 (Ηρα-

63 631 270 682 κλείτειον
287 631 463 677 ἅπαντα
479 631 716 693 πράγματα
737 632 936 690 ποταμὸν
956 631 1224 691 ἐμβαλόντες,
1246 631 1319 685 εἷς
1337 628 1392 678 ὃν
1411 629 1466 681 οἱ(
1485 648 1611 692 φησι
1627 671 1630 674 .

64 707 145 759 δὶς
174 708 403 767 ἐμβῆναι.
447 711 531 754 His
561 712 710 754 verbis
742 712 780 755 si
812 712 1011 755 conferas
1041 724 1083 768 p,
1108 714 1207 766 392,
1239 712 1290 754 Β.
1323 712 1510 766 ποταμῷ
1529 707 1612 767 γὰρ

64 779 139 830 οὐκ
170 782 286 830 ἔστιν
316 788 417 843 (non
448 787 573 843 licet)
604 786 786 846 ἐμβῆναι
817 786 885 840 δὶς
913 789 974 845 τῷ
1014 781 1141 845 αὐτῷ,
1182 781 1289 831 καθ’
1320 782 1610 845 εΗράκλειτον,

62 866 247 916 apparet
287 863 380 907 illic
421 865 602 907 verbum
644 859 752 906 εἶναι
796 877 823 907 a
862 858 1074 918 scriptore
1116 863 1320 908 omissum
1362 863 1611 918 legentibus

64 938 342 992 cogitandum
383 952 493 983 esse.
555 940 713 992 Itaque
743 942 898 983 verba:
939 935 988 982 οὔ
1022 954 1132 997 φασι
1168 942 1252 981 τῶν
1285 935 1405 981 ὤτων
1440 942 1611 995 κρατεῖν

61 1013 175 1056 idem
206 1014 456 1069 significare
485 1015 692 1059 videntur
729 1015 841 1068 quod
877 1016 1004 1058 haec:
1045 1010 1093 1058 οὔ
1131 1029 1264 1073 φασιν
1300 1009 1432 1057 εἶναί
1464 1031 1502 1056 τ.
1533 1009 1607 1056 ὤτ.

61 1105 140 1147 κρ.,
173 1089 200 1133 i.
235 1083 271 1134 e.
303 1091 449 1145 lupum
480 1091 658 1135 auribus
688 1090 829 1135 teneri
859 1103 986 1146 posse
1016 1093 1196 1145 negant.

179 1166 289 1210 Ibid.
326 1168 437 1211 XIV
474 1169 592 1222 (809,
628 1168 698 1221 Β).
739 1166 837 1209 ἐπεὶ
876 1166 925 1226 δὲ
964 1163 1131 1217 πάσαις
1166 1164 1455 1223 κορυδαλλίσι,
1492 1165 1605 1209 κατὰ

63 1239 317 1301 Σιμωνίδην,
356 1240 431 1301 χρὴ
461 1239 593 1301 λόφον
623 1241 947 1301 ἐγγενέσθαι,
984 1240 1061 1287 καὶ
1092 1244 1218 1286 πᾶσα
1254 1240 1455 1286 πολιτεία
1490 1241 1606 1300 φέρει

60 1316 181 1368 τινὰς
209 1316 367 1375 ἒῇςθρας
402 1318 479 1361 καὶ
516 1316 726 1377 διαφοράς
763 1316 850 1362 κτὲ.
910 1319 1254 1362 Herwerdenusz
1300 1319 1460 1373 „Immo
1496 1317 1608 1374 γενέ-

61 1395 215 1447 σθαι“,
247 1395 364 1439 haud
394 1398 514 1439 recte
530 1409 641 1439 mea
671 1395 843 1449 quidem
874 1395 1107 1440 sententia.
1169 1395 1319 1448 Neque
1350 1394 1462 1439 enim
1493 1396 1606 1439 veri-

61 1469 200 1513 simile
236 1474 307 1513 est
342 1472 450 1514 haec
486 1471 718 1516 Simonidis
757 1472 906 1527 verba,
944 1483 1055 1525 quae
1091 1471 1315 1514 veteribus
1352 1470 1463 1532 satis
1502 1465 1607 1515 nota'

58 1546 196 1589 fuisse
226 1551 344 1603 puto,
378 1552 581 1602 corrupta
612 1561 724 1603 esse,
755 1548 1015 1602 praesertim
1046 1561 1142 1590 cum
1172 1547 1273 1590 aliis
1294 1560 1471 1600 oquoque
1502 1548 1604 1590 duo-

58 1623 138 1666 bus
153 1623 382 1667 Plutarchi
412 1625 520 1668 locis
550 1624 842 1669 inveniantur.
890 1627 958 1680 91,
989 1624 1042 1668 F.
1075 1622 1172 1666 ἐπεὶ
1203 1622 1253 1666 δὲ
1271 1620 1461 1666 πάσαισι
1482 1639 1605 1681 κορυ-

60 1696 234 1742 δαλλίσι
262 1697 338 1757 χρὴ
369 1697 501 1757 λόφον
532 1699 795 1758 ἐγγενέσθαι,
832 1697 946 1743 κατὰ
977 1697 1050 1742 τὸν
1078 1697 1330 1756 Σιμωνίδην·
1369 1698 1444 1742 καὶ
1475 1701 1603 1742 πᾶσα

58 1770 186 1831 φύσις
215 1769 449 1834 ἀνθρώπου
479 1775 597 1835 φέρει
627 1775 891 1835 φιλονεικίαν
920 1773 1007 1819 κτὲ.
1056 1776 1109 1820 V.
1143 1776 1294 1820 Timol.
1328 1789 1365 1819 c.
1399 1778 1467 1819 37.
1505 1774 1604 1818 ἐπεὶ

57 1850 106 1893 δὲ
138 1854 250 1909 χρῆν,
294 1850 352 1903 ὡς
387 1851 533 1906 ἔοικεν,
574 1849 621 1897 οὗ
656 1851 784 1908 μόνον
819 1855 928 1895 πᾶσι
969 1853 1244 1910 κορυδαλλοῖς
1278 1848 1411 1910 λόφον
1447 1850 1604 1909 ἐγγίνε-

57 1930 181 1980 σθαι,
230 1926 344 1971 κατὰ
394 1928 648 1988 Σιμωνίδην,
697 1924 809 1971 ἀλλὰ
863 1927 939 1971 καὶ
988 1924 1109 1986 πάσῃ
1158 1925 1426 1986 δημοκρατίᾳ
1478 1942 1603 1971 συκο-

57 1999 220 2062 φάντην
248 2001 336 2047 κτέ.

172 2079 282 2123 Ibid.
314 2081 400 2124 XV
431 2082 548 2137 (811,
580 2081 651 2136 D).
691 2074 789 2123 οὐδὲ
819 2077 901 2138 γόρ
931 2081 1003 2123 τοῦ
1036 2078 1268 2137 Θεαγένους
1296 2077 1345 2123 τὸ
1375 2075 1603 2137 φιλότιμον

56 2148 167 2210 ἄγαν
204 2155 281 2198 καὶ
318 2153 610 2214 φιλόνεικον
654 2156 921 2211 ἐπαινοῦμεν,
962 2151 1010 2207 ὃς
1045 2150 1092 2199 οὗ
1128 2153 1256 2211 μόνον
1290 2154 1366 2213 τὴν
1403 2155 1603 2213 περίοδον

55 2229 291 2290 νενικηκὼς,
324 2226 435 2275 ἀλλὰ
466 2231 543 2276 καὶ
565 2230 753 2284 πολλοὺς
773 2234 941 2287 (Hervw
960 2232 1116 2277 inserit
1135 2227 1306 2287 ἄλλους)
1328 2226 1495 2289 ἀγῶνας
1513 2229 1600 2277 mie.

54 2305 203 2350 HerW.
233 2321 311 2362 pro
342 2306 581 2366 φιλόνεικον
610 2311 708 2352 vult
737 2306 970 2367 φιλίνικον.
1017 2309 1103 2352 Sed
1128 2308 1199 2351 fac
1225 2308 1367 2363 magis
1388 2309 1489 2352 huic
1509 2310 1602 2352 loco

56 2387 391 2429 consentaneum
423 2399 521 2429 esse
551 2382 782 2443 φιλόνικον,
814 2387 899 2430 hac
920 2399 1006 2429 uua
1028 2384 1306 2440 correctione,
1338 2385 1424 2428 nisi
1443 2387 1602 2429 multos

55 2457 164 2502 alios
194 2460 311 2505 locos
344 2462 724 2519 castigaverimus,
756 2462 864 2507 nihil
895 2462 1182 2517 proficiemus.
1243 2462 1353 2505 Nam
1384 2458 1605 2520 φιλόνικος

55 2537 101 2578 et
130 2536 350 2591 φιλονικία
379 2539 426 2582 in
456 2540 857 2594 Wyttenbachiana
888 2539 1076 2583 editione
1107 2551 1318 2591 nusquam
1347 2538 1525 2594 legitur,
1557 2539 1604 2582 in

20 2618 24 2621 ’
52 2607 360 2659 Duebneriaua
390 2629 474 2661 uno
505 2617 599 2661 loco
630 2616 853 2662 invenitur
889 2612 1119 2675 φιλόνικος,
1162 2618 1262 2671 471,
1295 2616 1348 2660 Ε.
1386 2612 1526 2659 αἴτιον
1562 2610 1602 2659 δ’

54 2682 81 2743 ἡ
115 2687 321 2744 φιλαυτία
359 2688 566 2746 μάλιστα,
611 2690 909 2752 φιλοπρώτους
945 2694 1132 2736 ποιοῦσα
1169 2690 1246 2735 καὶ
1282 2690 1526 2751 φιλονίκους
1562 2691 1605 2736 ἒν
