1751 3042
850 110 877 152 8

86 250 218 295 Haud
253 253 390 307 recte,
428 253 479 294 ut
515 250 678 306 opinor,
715 251 865 294 Herw.
903 245 1101 308 τρομώδη
1138 252 1281 293 mutat
1316 249 1362 292 in
1399 244 1642 306 σπογγώδη.

87 328 199 370 Nam
220 323 285 383 eo,
307 339 436 381 quem
455 326 532 371 ille
553 326 677 383 citat,
703 323 1005 382 loco,'quaest.
1028 338 1153 370 conv.
1174 327 1260 383 III,
1284 330 1324 382 3,
1351 326 1425 370 τοῦ
1446 320 1644 380 σώματος

87 399 367 459 σπογγώδους
397 400 472 446 διὰ
503 400 577 446 τὸν
606 397 766 457 αὐχμὸν
796 397 929 454 ὄντος,
961 401 1112 457 agitur
1136 402 1190 445 de
1211 401 1405 456 corporis
1426 401 1642 455 siccitate,

88 491 175 532 qua
198 479 263 535 fit,
296 482 347 523 ut
368 478 579 534 spongiae
600 477 742 522 instar
762 477 912 522 vinum
931 477 1131 534 recipiat,
1163 478 1235 522 hic
1254 481 1402 522 autem
1423 477 1477 523 de
1499 466 1643 521 carnis

87 556 418 612 depravatione,
450 568 562 610 quae
593 555 672 599 illa
701 554 994 610 perforatione
1026 555 1229 600 efficitur.

208 634 288 689 Qu.
313 633 468 687 c.VII,
491 635 542 687 -2,
566 635 592 676 3
624 633 742 688 (701,
775 632 839 686 C).
889 629 929 675 οἱ
961 626 1001 675 δ’
1033 629 1249 689 ὕπαιθροι
1278 630 1354 675 καὶ
1385 629 1533 688 γυμνοὶ
1563 632 1641 684 (sc.

90 707 229 764 λίθοι)
262 705 336 751 διὰ
370 710 503 765 ψῦχος
531 701 763 750 α’ντίτυποι
793 706 870 750 καὶ
895 704 1237 766 δυσμετάβλητοι
1257 705 1334 751 καὶ
1365 701 1642 765 ἇτέραμνοι

88 779 320 827 ἀπαντῶσι
362 786 454 834 τοῖς
495 781 645 841 ἔργοις.
706 784 888 827 Hiatum
935 784 1184 828 emendavit
1219 785 1368 828 Herw.
1414 783 1641 826 scribendo

86 856 356 918 ἀτεράμονες,
388 860 544 904 melius
575 874 704 914 quam
735 861 959 915 Benseler,
992 861 1066 914 qui
1098 855 1352 918 ἀτεράμνοις
1382 861 1500 916 vult3
1539 872 1640 903 nam

86 938 167 980 hoc
200 941 245 980 et
276 949 409 980 sensu
439 936 658 980 refellitur
689 940 734 980 et
765 950 828 992 eo,
861 937 975 990 quod
1005 937 1051 980 in
1084 936 1235 980 eadem
1265 935 1519 990 quaestione
1539 936 1640 979 Plu-

86 1015 266 1056 tarchus
299 1012 464 1066 septies
495 1013 633 1056 forma
663 1007 890 1069 ἀτεράμων
919 1013 1071 1068 utitur,
1104 1013 1243 1056 forma
1272 1007 1512 1069 ἀτέραμνος
1541 1025 1643 1055 nus-

88 1101 228 1142 quam.
292 1087 380 1132 Sed
422 1087 522 1132 aliis
565 1087 784 1132 nonnullis
826 1088 935 1132 locis
972 1089 1120 1132 HerW.
1164 1087 1258 1143 ipse
1301 1087 1466 1132 hiatum
1508 1087 1645 1131 efficit

89 1165 360 1220 corrigendo.
408 1166 471 1208 Ut
500 1165 546 1207 in
577 1165 688 1208 libro
719 1168 849 1208 amat.
884 1179 919 1208 c.
946 1168 1013 1220 10,
1046 1165 1142 1208 init.
1175 1165 1295 1220 (754,
1324 1165 1397 1219 E).
1444 1161 1644 1207 τοιούτων

88 1238 236 1298 λόγων,
275 1237 299 1284 ὁ
330 1238 476 1298 πατὴρ
506 1237 601 1299 ἔφη,
641 1237 883 1298 παρόντων
919 1235 1065 1292 αὐτοῖς
1106 1240 1252 1284 ἐλθεῖν
1289 1238 1362 1284 τὸν
1384 1273 1394 1283 .
1419 1273 1428 1283 .
1463 1237 1641 1297 ἑταῖρον.

88 1318 238 1360 HerW.
278 1316 449 1359 scribit:
493 1313 696 1359 τοιούτων
731 1313 879 1372 λόγων,
918 1313 941 1359 ὃ
978 1334 1028 1358 π.
1066 1314 1162 1374 ἔφη,
1207 1312 1338 1359 ὄντων
1374 1311 1521 1366 αὐτοῖς
1555 1312 1642 1358 κτὲ.

89 1393 212 1448 Quod
242 1396 386 1437 autem
419 1396 548 1446 putat
577 1393 748 1437 Graece
779 1393 857 1436 vix
888 1393 994 1437 dici:
1034 1389 1233 1450 πάρεισιν
1263 1389 1366 1450 ἡμῖν
1395 1389 1527 1449 λόγοι,
1559 1406 1643 1436 11110

89 1469 261 1522 quidem
288 1468 519 1512 Moralium
549 1469 658 1523 loco,
691 1472 858 1522 quaest.
893 1482 1014 1512 conv.
1048 1469 1084 1523 I,
1119 1471 1187 1522 10,
1223 1471 1244 1511 1
1279 1470 1396 1524 (628,
1427 1469 1499 1524 A),
1531 1485 1644 1525 naq«

88 1548 199 1588 εἶναι
230 1545 296 1588 ita
327 1548 583 1599 usurpatum
615 1548 703 1588 est:
743 1541 891 1587 οἰκεῖοι
924 1541 1042 1601 λόγοι
1073 1546 1149 1601 τῆς
1179 1543 1222 1587 ἐν
1253 1542 1359 1601 χειρὶ
1391 1542 1643 1601 φιλοτιμίας

88 1622 304 1678 παρῆσαν.
351 1620 413 1663 Et
439 1620 616 1663 videtur
645 1619 755 1663 illud
786 1617 1009 1677 παρόντων
1023 1619 1286 1663 Plutarchus
1318 1619 1560 1676 scripsisse,
1593 1623 1643 1663 ut

86 1697 254 1740 hiatum
284 1699 385 1750 post
415 1693 497 1754 ἔφη
528 1695 716 1739 vitaret.'
770 1695 882 1739 Leni
913 1695 1027 1739 enim
1057 1695 1407 1750 interpunctione
1443 1696 1518 1740 ille
1554 1709 1640 1740 non

84 1776 337 1828 excusatur,
370 1776 417 1816 et
441 1772 666 1817 rarissime
687 1772 819 1816 talem
840 1772 1056 1816 vocalium
1086 1772 1410 1816 concursionem
1438 1772 1640 1817 invenias

87 1851 259 1903 qualem
290 1862 331 1903 p.
358 1851 455 1904 765,
484 1849 538 1892 E.
572 1845 681 1905 πρὸς
711 1846 756 1890 τί
787 1846 880 1906 γὰρ,
913 1845 1008 1906 ἔφη,
1041 1847 1199 1905 {repom
1230 1849 1367 1904 Quam
1389 1862 1520 1903 saepe
1540 1863 1639 1893 ver-

83 1927 233 1969 borum
265 1924 553 1968 distractione
582 1925 845 1967 Plutarchus
876 1924 1005 1980 fugit,
1033 1925 1158 1968 velut
1177 1938 1218 1978 p.
1242 1927 1342 1980 442,
1373 1925 1427 1969 F.
1457 1921 1638 1978 δέξασθ’

83 1993 167 2052 οὖν,
200 1998 224 2044 ὃ
254 1997 514 2058 Δημήτριος,
547 1997 674 2056 ἡμᾶς,
708 1998 804 2057 ἔφη,
837 1999 913 2043 καὶ
943 1995 1046 2054 μεθ’
1080 1997 1210 2057 ἡμῶν.
1235 2028 1290 2033 -—
1313 2002 1374 2044 Et
1403 2002 1551 2045 nescio
1582 2016 1640 2045 an

83 2078 165 2120 hoc
204 2089 373 2130 quoque
409 2076 503 2120 loco
541 2076 688 2120 Herw.
728 2076 965 2120 Plutarcho
1002 2076 1168 2120 hiatum
1206 2076 1404 2132 imputet,
1449 2078 1503 2122 de
1543 2079 1637 2123 soll.

82 2153 213 2197 anim.
247 2166 284 2197 c.
318 2157 345 2196 8
383 2155 501 2206 (965,
540 2153 611 2206 Ε).
652 2149 877 2210 Αἰακίδην
912 2151 988 2196 καὶ
1013 2147 1312 2210 Ἀριστότιμον
1347 2155 1506 2206 τοῦτον,
1544 2150 1638 2197 εἶτα

83 2227 328 2286 Νίκανδρον
358 2225 444 2272 κτὲ.
507 2229 852 2272 Herwerdenus:
879 2223 1181 2287 Ἀριστότιμον
1210 2228 1388 2283 τουτονί,
1427 2225 1521 2274 εἶτα
1552 2228 1638 2275 κτὲ.

84 2306 171 2349 Sed
208 2308 355 2348 τοῦτον
389 2318 476 2349 11011
512 2305 670 2348 falsum
707 2317 819 2360 esse,
864 2305 1036 2349 etiamsi
1079 2306 1134 2349 de
1175 2310 1409 2360 praesente
1452 2308 1637 2364 homine,

83 2382 157 2435 qui
188 2381 328 2436 digito
360 2380 634 2436 designatur,
674 2394 813 2424 sermo
845 2385 926 2437 est,
965 2383 1220 2425 Doehnerus
1233 2382 1273 2435 *)
1309 2383 1457 2427 multis
1496 2398 1637 2428 exem-

82 2456 168 2512 plis
215 2457 500 2501 demonstrat.
569 2456 691 2512 Quae
736 2458 969 2512 perlegens
1016 2458 1213 2502 omnibus
1258 2458 1351 2503 fere
1396 2459 1486 2504 illis
1531 2460 1639 2505 locis

83 2536 184 2587 post
233 2523 356 2585 οὗτος
404 2534 664 2577 vocabulum
705 2534 813 2577 'esse
863 2533 1007 2577 vocali
1062 2534 1277 2588 incipiens
1332 2535 1636 2581 animadverti.

84 2610 149 2653 cf.
182 2623 223 2664 p.
256 2612 356 2665 465,
388 2611 449 2666 D3
491 2612 590 2665 663,
624 2611 677 2667 ος
718 2613 816 2666 931,
848 2610 908 2667 Ε,
948 2614 1047 2667 339,
1079 2611 1132 2655 Ε.
1195 2611 1340 2655 Solum
1370 2626 1415 2666 p.
1445 2615 1544 2669 618,
1582 2614 1635 2658 F.

201 2695 244 2742 ²⁸³)
262 2696 407 2741 Quaest.
433 2696 529 2733 Plut.
554 2697 604 2732 Π.
629 2707 663 2743 p.
690 2700 747 2733 38.
