1751 3042
837 111 893 153 20

82 243 198 293 α’λλά
222 250 387 294 πολλοῦ
405 244 472 293 δεῖ
489 246 631 309 μάτην
649 251 785 292 ταῦτα
806 247 1018 306 γεγονέναι
1035 282 1045 290 .
1066 282 1075 291 .
1096 282 1105 291 .
1138 245 1300 307 ἡμέρας
1330 264 1377 292 τε
1395 247 1472 293 καὶ
1491 245 1641 301 νυκτὸς

84 325 262 386 ἕστηκεν
279 321 462 385 ἀτρεκὴς
481 326 531 370 ἐν
554 324 697 384 μέσῳ
714 322 866 384 φύλαξ,
890 322 1004 369 κατὰ
1024 321 1254 378 Πλάτωνα,
1274 324 1352 370 καὶ
1372 322 1638 385 δημιουργός.

84 404 178 448 Nec
207 403 350 448 miuus
382 416 436 447 ex
466 404 581 447 Plat.
614 405 786 456 quaest.
818 401 932 446 VIII
963 403 1112 458 (1006,
1142 402 1222 456 E):
1258 396 1436 460 ἄριστον
1465 394 1537 446 οὖν
1564 399 1641 461 τὴν

87 482 166 539 γῆν
185 475 362 538 ὄργανον
378 473 551 523 α’κοόειν
567 475 715 536 χρόνου
733 476 795 535 μὴ
815 477 1064 537 κινουμένην
1082 475 1230 536 ὥσπερ
1249 476 1347 530 τοὺς
1366 473 1552 537 ἀστέρας
1567 511 1578 521 .
1597 511 1607 521 .
1627 511 1638 522 .

85 553 155 600 διὸ
185 554 262 600 καὶ
292 551 465 614 φύλακα
495 553 572 598 καὶ
603 551 857 613 δημιουργὸν
886 548 1020 613 αὖτὴν
1037 548 1197 613 ἆτρεκῆ
1216 551 1364 606 νυκτὸς
1382 553 1459 598 καὶ
1479 551 1641 613 ἡμέρας

84 635 298 689 προσεῖπε
328 631 440 686 (scil.
472 631 632 685 Plato).
680 630 795 685 Quid
821 631 971 686 multa,
1004 643 1100 674 cum
1121 631 1236 685 apud
1256 631 1397 685 ipsum
1412 632 1639 675 Platonem

84 708 211 762 (Tim.
246 711 317 763 40,
349 708 399 760 C)
429 707 540 750 haec
572 706 739 761 scripta
770 706 881 750 Sint:
921 709 998 765 γῆν
1035 706 1095 759 δὲ,
1127 703 1284 766 τροφὸν
1312 705 1392 761 μὲν
1419 703 1638 765 ἡμετέραν,

81 782 325 842 εἶλουμένην
364 782 414 826 δὲ
453 781 554 840 περὶ
589 780 663 826 τὸν
701 780 776 825 διὰ
818 780 982 834 παντὸς
1019 780 1155 826 πόλον
1194 781 1434 838 τεταμένον,
1466 780 1640 841 φύλακα

82 858 158 904 καὶ
189 856 443 919 δημιουργὸν
472 855 620 910 νυκτὸς
649 873 697 901 τε
725 857 804 902 καὶ
833 855 995 916 ἡμέρας
1025 854 1335 917 ἐμηχανήσατο.

141 971 145 974 .
199 937 340 979 Bruta
369 938 453 979 rat.
485 934 551 978 uti
571 934 660 979 VII
681 936 800 991 (990,
833 935 896 988 C).
929 932 969 978 οἶ
1002 929 1040 977 δ’
1072 930 1239 993 όίρῤενες
1267 929 1343 978 ὑπ’
1375 931 1544 993 οἴστρου
1562 933 1639 979 καὶ

81 1008 349 1069 μαργότητος
387 1006 613 1065 ὠνούμενοι
649 1013 825 1065 μισθῶν
860 1009 936 1053 καὶ
966 1007 1100 1054 πόνου
1136 1010 1213 1054 καὶ
1243 1009 1442 1068 λατρείας
1471 1009 1521 1054 τὸ
1551 1013 1638 1070 τῆς

85 1086 326 1144 γενέσεως
355 1084 487 1144 ἔργον.
548 1087 646 1131 Non
677 1090 759 1142 est,
792 1087 905 1140 quod
943 1101 1039 1130 cum
1069 1082 1366 1131 Herwerdeno
1396 1087 1637 1131 scribamus

82 1163 133 1207 τὸ
163 1167 239 1221 τῆς
270 1160 496 1221 γεννήσεως
526 1160 657 1221 ἔργον,
690 1176 949 1217 quamquam
979 1164 1026 1206 in
1057 1167 1225 1223 quapst.
1258 1164 1312 1207 de
1337 1164 1467 1207 Arati
1496 1164 1637 1220 signis

85 1243 175 1284 VII
206 1242 443 1297 (Duebner,
477 1241 656 1295 Fragm.
690 1253 732 1294 p.
771 1242 843 1293 35)
874 1241 1100 1295 leguntur:
1130 1236 1380 1297 ὑπόθερμον
1408 1237 1471 1292 εἰς
1500 1238 1637 1299 ὁρμὰς

82 1312 276 1374 α’γωγοῦς
307 1315 384 1360 ἐπὶ
414 1313 464 1360 τὸ
494 1318 570 1374 τῆς
601 1311 826 1373 γεννήσεως
856 1312 986 1374 ἔργον.
1038 1316 1150 1360 Nam
1179 1315 1376 1370 plurimis
1406 1316 1636 1361 Plutarchi

82 1392 192 1438 loeis
230 1390 390 1451 γένεσις
425 1391 491 1437 ita
527 1394 783 1447 usurpatum
824 1394 905 1448 est,
944 1394 994 1436 ut
1028 1391 1372 1446 procreationem
1403 1391 1635 1448 significet.

81 1468 218 1514 Velut
251 1470 349 1524 717,
381 1468 434 1514 F.
456 1464 514 1520 ὥς
544 1485 630 1512 που
660 1465 736 1513 καὶ
745 1461 1021 1525 Ἀλέξανδρος
1038 1463 1271 1526 ὑπενόησεν
1290 1464 1426 1512 elman
1444 1464 1637 1523 μάλιστα

81 1541 245 1604 θνητὸν
277 1542 354 1588 καὶ
391 1531 596 1602 φθαρτὸν.
626 1540 924 1601 ἐπιγινώσκειν
969 1541 1117 1588 ἑαυτὸν
1163 1544 1206 1587 ἐν
1249 1548 1310 1603 τῷ
1357 1543 1637 1603 συγγίνεσθαι

79 1619 244 1679 γυναιξὶ
274 1619 352 1665 καὶ
382 1617 623 1664 καθεύδειν·
656 1617 714 1672 ὥς
743 1618 816 1664 τὸν
845 1621 925 1675 μὲν
954 1619 1088 1664 ῧπνον
1118 1618 1280 1665 ἐνδόσει
1311 1619 1527 1679 γινόμενον
1556 1617 1631 1665 ὑπ’

78 1694 322 1749 ἀσθενείας,
361 1696 522 1754 γένεσιν
560 1697 609 1740 δὲ
645 1699 796 1740 πᾶσαν
836 1695 993 1740 οἰκείου
1030 1695 1144 1748 τινὸς
1173 1696 1235 1749 εἰς
1264 1697 1403 1755 ἕτερον
1432 1696 1637 1742 ἔκστασιν
1711 1750 1713 1753 .

78 1773 156 1817 καὶ
186 1770 361 1831 φθορὰν
397 1765 539 1816 οὖσαν.
581 1776 680 1828 376,
723 1775 768 1816 O.
808 1770 831 1816 ὁ
868 1776 942 1816 τοῦ
979 1775 1084 1816 θεοῦ
1121 1776 1215 1825 νοῦς
1245 1773 1321 1817 καὶ
1350 1771 1477 1831 λόγος
1504 1774 1547 1817 ἑν
1575 1777 1636 1833 τῷ

78 1846 252 1908 ἀοράτῳ
281 1848 358 1893 καὶ
394 1844 552 1908 ἀφανεῖ
587 1847 781 1908 βεβηκώς
816 1847 879 1901 εἰς
917 1848 1076 1907 γένεσιν
1112 1851 1185 1904 (ad
1222 1863 1293 1895 res
1324 1851 1635 1906 procreandas)

76 1922 163 1970 ὑπὸ
199 1921 404 1983 κινήσεως
440 1925 673 1983 προῆλθεν.
714 1928 813 1981 393,
855 1925 905 1970 Β.
945 1922 971 1983 ἡ
1009 1919 1054 1969 δ’
1094 1921 1298 1985 ἑτερότης,
1338 1923 1525 1985 διαφορὰ
1561 1928 1635 1972 τοῦ

77 1997 210 2055 ὄντος,
242 1999 304 2054 εἷς
335 2000 495 2059 γένεσιν
526 1999 748 2054 ἐξίσταται
778 2004 851 2046 τοῦ
880 2000 941 2060 μὴ
971 1997 1103 2053 ὄντος.
1127 2006 1226 2058 881,
1258 2004 1311 2053 Ε.
1335 2005 1421 2062 πῦρ
1449 2002 1636 2058 τεχνικὸν

77 2076 166 2136 ὁδῷ
196 2077 374 2135 βαδίζον
404 2077 482 2122 ἐπὶ
514 2077 671 2135 γενέσει
702 2076 876 2133 κόσμου.
926 2074 1024 2134 957,
1058 2081 1103 2123 C.
1137 2082 1189 2137 γῆ
1218 2096 1264 2122 τε
1294 2078 1376 2137 γὰρ
1406 2076 1503 2123 ι’ίνευ
1532 2085 1633 2138 θερ-

76 2157 163 2214 μῆς
194 2149 344 2208 οὐσίας
373 2150 527 2213 όίγονος
558 2153 634 2199 καὶ
664 2150 875 2213 ἄκαρπος·
909 2153 958 2200 τὸ
989 2155 1038 2200 δὲ
1067 2158 1153 2214 πῦρ
1183 2156 1325 2215 ἐκρυὲν
1354 2156 1431 2201 καὶ
1461 2156 1635 2212 διαχέαν

76 2231 340 2291 παρίστησιν
369 2230 431 2284 εἷς
460 2232 537 2290 τὴν
567 2230 727 2289 γένεσιν
756 2227 957 2290 ὀργῶντα.
1000 2237 1098 2289 982,
1130 2233 1183 2278 A.
1215 2231 1408 2278 τίκτουσι
1443 2233 1523 2289 μὲν
1553 2232 1634 2292 γὰρ

74 2304 171 2367 ᾠὸν,
202 2304 297 2352 εἶτα
329 2309 446 2368 ζῷον,
480 2303 556 2353 οὐκ
588 2306 721 2362 ἐκτὸς,
754 2303 849 2352 ἀλλ’
883 2307 999 2361 ἐντὸς
1030 2309 1074 2354 ἐν
1103 2307 1282 2362 ἑαυτοῖς·
1311 2309 1389 2355 καὶ
1409 2310 1634 2369 τρέφουσιν

75 2382 210 2438 οὕτως
252 2384 328 2429 καὶ
370 2383 582 2444 φέρουσιν,
626 2382 773 2443 ὥσπερ
816 2385 863 2429 ἐκ
907 2384 1103 2444 δευτέρας
1146 2385 1356 2444 γενέσεως.
1432 2392 1473 2430 Γ
1469 2385 1633 2447 ε’ννησις

74 2464 221 2507 autem
257 2461 304 2507 in
340 2460 583 2507 Moralibus
621 2460 819 2516 equidem
858 2474 1070 2517 nusquam
1109 2462 1260 2508 inveni
1289 2462 1374 2509 nisi
1404 2463 1473 2509 his
1503 2463 1631 2510 locis:

76 2540 177 2594 493,
210 2538 269 2596 F3
305 2539 403 2594 770,
434 2538 495 2595 Α;
531 2539 658 2594 1001,
691 2537 744 2583 Α.

191 2615 260 2659 De
296 2627 446 2660 comm.
484 2614 610 2660 notit.
648 2614 759 2659 XIV
796 2616 943 2671 (1066,
975 2616 1044 2670 Β).
1088 2615 1166 2660 καὶ
1195 2619 1285 2669 πᾶς
1315 2614 1338 2661 ὁ
1377 2616 1473 2674 βίος
1502 2611 1632 2668 εὐθὺς

76 2690 124 2735 ἐκ
155 2687 349 2749 παρόδου
378 2689 454 2735 καὶ
483 2685 616 2751 ἀρχῆς
646 2686 744 2750 όίχρι
772 2690 1000 2752 κορωνίδος
1030 2686 1280 2754 ἀσχημονῶν
1306 2693 1382 2739 καὶ
1403 2692 1631 2740 ἐκπίπτων
