1751 3042
856 106 909 150 17

106 255 274 311 legunt,
316 248 447 295 facile
484 246 626 303 decipi
661 260 789 302 posse
830 251 990 303 puncto
1033 247 1077 292 in
1114 245 1422 292 Duebneriana
1464 244 1655 290 editione

106 333 209 385 ante
239 322 404 400 οὐδενός
432 324 588 380 posito.
650 324 736 369 Sed
765 325 893 380 paulo
923 324 1178 381 diligentius
1209 325 1323 369 hunc
1353 325 1494 368 locum
1531 336 1654 379 spec-

106 409 253 450 tantes
282 403 437 458 fugere
466 414 552 445 non
580 404 726 455 potest
752 401 829 445 illa
849 397 986 445 verba
1012 401 1220 456 apodosin
1246 414 1344 446 esse
1364 402 1421 445 ad
1442 400 1653 456 protasia,

106 486 218 536 qnae
247 473 404 533 incipit
432 490 459 521 a
489 476 656 521 verbis:
688 476 785 520 ἐπεὶ
816 476 877 530 δὲ,
909 475 1056 534 ὥσπερ
1085 474 1338 536 ἐμπρησμός
1367 474 1455 521 κτὲ.

222 556 291 605 De
328 554 441 608 plac.
483 553 639 607 philos.
676 554 754 608 IV,
802 557 855 597 19
899 555 1016 610 (902,
1056 554 1124 608 Β).
1167 551 1354 596 Πλάτων
1394 551 1471 610 τὴν
1512 550 1655 610 φωνὴν

92 629 291 690 ’ὁρίζεται
320 628 488 684 πνεῦμα
519 626 592 672 διὰ
626 625 840 684 στόματος
868 623 963 672 ἀπὸ
994 627 1189 680 διανοίας
1217 623 1409 686 ἠγμένον,
1441 627 1517 672 καὶ
1540 629 1654 687 πλη-

105 705 183 766 γὴν
216 703 316 748 ὑπὸ
359 699 505 762 ἀέρος
541 699 597 747 δι’
635 700 755 747 ὤτων
795 704 872 748 καὶ
914 702 1149 764 ἐγκεφάλου
1190 704 1266 748 καὶ
1309 705 1492 760 αἵματος
1532 703 1654 762 μέχρι

105 785 249 842 ψυχῆς
279 780 592 841 διαδιδομένην.
653 783 784 826 Haud
813 785 934 826 reete
963 783 1112 826 Herw.
1152 782 1516 836 praepositionem
1546 786 1650 825 ante

105 854 230 917 ἀέρος
265 858 396 902 delet.
462 858 572 902 Nam
607 858 723 912 apud
761 859 987 902 Platonem
1017 858 1143 912 (Tim.
1184 861 1252 914 67,
1293 859 1348 913 Β)
1389 859 1498 902 haee
1529 862 1651 902 sunt:

105 932 212 986 ὅλως
240 933 320 989 μὲν
349 926 419 977 οὖν
448 932 590 992 φωνὴν
618 935 778 989 θῶμεν,
810 932 887 992 τὴν
907 928 963 978 δι’
985 929 1105 977 ὤτων
1129 928 1210 977 ὑπ’
1243 928 1390 992 ἀέρος
1418 931 1652 992 ἐγκεφάλου

95 1004 150 1054 ’τε
178 1009 256 1055 καὶ
285 1010 470 1066 αἵματος
498 1009 621 1069 μέχρι
651 1013 789 1069 ψυχῆς
809 1009 977 1070 πληγὴν
997 1009 1310 1070 διαδιδομένην.
1358 1011 1649 1055 correctionis

7 1137 16 1148 ,
106 1090 280 1132 causam
310 1087 475 1143 Herw.,
506 1090 556 1130 ut
584 1087 835 1142 plerumque
866 1088 991 1144 solet,
1029 1100 1114 1132 non
1144 1087 1300 1142 aperit.
1362 1088 1475 1132 Puto
1504 1091 1650 1132 tamen

105 1167 211 1208 eum'
242 1164 321 1208 illa
356 1165 494 1207 verba
537 1164 601 1207 sie
643 1164 845 1219 intellegi
879 1165 1014 1208 velle:
1058 1164 1174 1208 aeris
1210 1165 1325 1208 ictus
1362 1165 1408 1219 (i.
1447 1177 1485 1208 e.
1522 1177 1649 1217 quem

103 1240 269 1295 patitur
298 1242 405 1295 aer),
438 1240 511 1293 qui
542 1240 708 1284 diditur
736 1254 814 1295 per
843 1253 972 1284 aures
1004 1244 1104 1296 ete„
1149 1253 1244 1284 eum
1275 1241 1425 1296 verba,
1464 1253 1575 1293 quae
1605 1241 1660 1283 inv

104 1319 232 1361 textu
261 1319 377 1373 sunt,
410 1316 677 1372 significent:
709 1317 838 1373 ictus,
871 1316 945 1371 qui
974 1330 1076 1361 aere
1107 1316 1271 1360 diditur
1299 1330 1378 1371 per
1406 1330 1536 1360 aures
1567 1320 1649 1361 ete.

102 1394 258 1437 Utrum
287 1393 368 1437 icit
397 1407 475 1438 aer
504 1407 561 1438 an
589 1394 748 1438 icitur?
808 1394 955 1448 Atque
984 1393 1052 1437 his
1084 1393 1256 1447 quidem
1286 1393 1512 1437 Plutarchi
1542 1393 1648 1436 locis

102 1471 389 1515 Herwerdeni
420 1471 641 1515 sententia
672 1471 915 1515 confirmari
935 1471 1129 1515 videtur:
1166 1474 1233 1526 98,
1255 1471 1307 1515 Β.
1331 1467 1511 1525 δύναμις
1529 1464 1651 1513 α’ντι-

102 1545 293 1606 ληπτικὴ
324 1547 493 1606 πληγῆς
522 1541 646 1606 ἀέρος
677 1541 733 1591 δι’
771 1541 878 1599 ὠτὸς
915 1545 991 1591 καὶ
1022 1543 1256 1605 ἐγκεφάλου
1290 1545 1647 1606 προσφερομένης.

101 1625 202 1679 390,
244 1624 290 1667 C.
334 1618 418 1681 ἀὴρ
460 1623 508 1666 δὲ
549 1623 729 1682 πληγεὶς
770 1623 814 1665 ἐν
850 1618 957 1680 ἀκοῇ
1003 1622 1163 1680 γίνεται
1206 1621 1324 1681 φωνὴ
1366 1622 1441 1666 καὶ
1490 1620 1645 1681 ψόφος.

99 1702 199 1755 436,
232 1700 278 1743 C.
310 1697 464 1757 ὥσπερ.
498 1694 648 1755 ἀμέλει
682 1699 758 1743 καὶ
793 1697 978 1742 Πλάτων
1001 1733 1010 1742 .
1035 1732 1044 1741 .
1069 1732 1079 1742 .
1112 1694 1280 1742 ἀκούειν
1315 1699 1364 1742 δὲ
1399 1701 1478 1754 (sc.
1515 1696 1646 1755 ἡμᾶς)

100 1776 151 1832 τῇ
180 1775 323 1834 πληγῇ
350 1777 423 1818 τοῦ
447 1770 572 1833 ἀέρος
597 1771 956 1833 ἀποφαινόμενος.
1032 1778 1128 1831 721,
1161 1775 1213 1818 Ε.
1245 1771 1271 1832 ἡ
1292 1773 1341 1817 δὲ
1360 1771 1479 1832 φωνὴ
1500 1772 1646 1834 πληγὴ

98 1847 294 1906 σώματος
336 1853 544 1911 διηχοῦς.
569 1885 579 1895 .
602 1885 613 1895 .
637 1885 647 1895 .
692 1846 780 1903 οἷός
822 1851 914 1895 ἐστι
955 1846 1057 1909 παρ’
1096 1848 1199 1909 ἡμῖν
1234 1848 1257 1894 ὁ
1286 1846 1382 1909 ἀήρ.
1447 1854 1545 1907 901,
1591 1851 1644 1895 F.

98 1923 285 1971 Πλάτων
313 1927 390 1972 καὶ
420 1926 460 1973 οἱ
490 1923 572 1972 ἀπ’
606 1922 746 1982 αὐτοῦ,
778 1925 1054 1987 πλήττεσθαι
1085 1925 1158 1972 τὸν
1189 1927 1231 1971 ἐν
1261 1929 1312 1986 τῇ
1338 1927 1502 1986 κεφαλῇ
1521 1921 1643 1985 ἀέρα.

102 2006 228 2060 1131,
261 2006 307 2048 C.
340 2005 437 2048 ἐπεὶ
470 2000 509 2048 δ>
543 2002 754 2063 ὁρίζονται
792 2003 868 2062 τὴν
899 2003 1040 2062 φωνὴν
1072 2003 1110 2047 οἶ
1147 2000 1317 2062 ἄριστοι
1353 2003 1646 2061 γραμματικοὶ

100 2073 206 2137 ἀέρα
235 2080 537 2139 πεπληγμένον
567 2078 780 2140 αἰσθητὸν
810 2075 929 2138 ἀκοῇ.
1000 2081 1085 2124 Hic
1119 2084 1265 2124 autem
1297 2081 1417 2123 locus
1446 2082 1564 2135 (722,
1592 2081 1647 2133 Β)

99 2155 296 2200 Platonis
317 2157 465 2201 verbis
486 2157 628 2213 magis
648 2158 901 2212 respondet:
933 2154 956 2200 ὁ
988 2154 1067 2215 γὰρ
1095 2151 1178 2214 ἀὴρ
1201 2188 1211 2198 .
1235 2189 1245 2198 .
1269 2188 1279 2198 .
1311 2152 1366 2198 τὰ
1387 2157 1471 2198 τῶν
1491 2151 1648 2213 ψόφων

99 2228 231 2289 μόρια
261 2232 337 2276 καὶ
367 2230 583 2291 κινήματα
614 2230 839 2291 πόρρωθεν
869 2231 1111 2277 διαδίδωσι.
1172 2232 1379 2276 Nimirum
1410 2245 1487 2276 aer
1515 2232 1649 2275 icitur

99 2306 300 2361 ictusque
342 2310 434 2366 icit,
486 2311 532 2355 id
575 2311 688 2364 quod
729 2310 894 2354 diserte
936 2311 1196 2354 Plutarchus
1239 2309 1348 2352 dieit
1389 2308 1459 2352 his
1499 2308 1649 2352 verbis

101 2383 249 2441 (1006,
281 2386 353 2440 C):
385 2383 478 2430 ἐστι
509 2385 589 2444 γὰρ
618 2383 645 2445 ἡ
675 2384 793 2445 φωνὴ
824 2384 968 2445 πληγὴ
998 2388 1071 2429 τοῦ
1103 2383 1419 2441 αἰσθανομένου
1450 2379 1507 2428 δι’
1529 2380 1650 2428 ὤτων

99 2453 180 2501 ὑπ’
218 2454 384 2519 ἀέρος·
426 2460 645 2521 πλήττει
681 2460 771 2521 γὰρ
807 2461 1023 2522 πληγεὶς
1053 2459 1076 2506 ὃ
1105 2457 1316 2519 ἀὴρῦπὸ
1346 2463 1419 2505 τοῦ
1449 2459 1652 2520 κινήσαν-

101 2550 174 2585 τος
202 2552 289 2579 wc&-

217 2611 327 2658 Ibid.
359 2613 412 2670 V,
447 2618 486 2672 5,
525 2618 642 2674 (905,
674 2615 738 2671 C).
771 2613 955 2669 Ἵππων,
987 2613 1225 2673 προΐεσθαι
1254 2613 1334 2670 μὲν
1364 2613 1540 2674 σπέρμα
1570 2613 1671 2667 τὰς’

100 2685 283 2746 θηλείας
324 2684 397 2744 οὐχ
441 2688 599 2748 ἥκιστα
646 2695 729 2735 τῶν
769 2686 963 2750 ἀρῤένων.
1029 2691 1316 2735 Herwerdeni
1359 2692 1649 2736 coniecturam

1414 2777 1435 2810 2
