1751 3042
210 1020 314 1096 Cum
334 1052 508 1108 plurimi
528 1052 751 1096 moralium
773 1065 884 1105 quae
905 1052 1107 1096 dicuntur
1122 1052 1349 1097 Plutarchi
1371 1052 1630 1107 scriptorum

82 1134 288 1176 lectorem
319 1130 445 1183 quasi
474 1130 660 1172 incitent
689 1129 745 1171 ad
773 1129 1030 1183 corrigenda
1051 1130 1251 1172 addenda
1273 1130 1458 1172 delenda
1479 1130 1629 1184 verba,

83 1208 199 1252 haud
235 1207 300 1251 ita
338 1205 516 1250 difficile
555 1205 614 1249 sit
652 1205 994 1249 coniecturarum
1030 1206 1183 1249 molem
1218 1207 1300 1249 hoc
1336 1209 1383 1249 et
1417 1206 1492 1249 illo
1535 1207 1630 1249 loco

84 1284 174 1327 suis
196 1281 515 1340 suspicionibus
537 1294 713 1337 augere,
746 1281 966 1324 difficilius
988 1281 1154 1336 priores
1175 1281 1392 1326 hominum
1408 1282 1630 1326 doctorum

83 1359 374 1404 correctiones
411 1359 475 1402 ita
512 1371 787 1413 cognoscere,
826 1361 876 1401 ut
911 1371 990 1402 nec
1029 1362 1131 1402 acta
1161 1372 1272 1412 agas
1301 1372 1382 1402 nec
1412 1359 1631 1402 deteriora

81 1426 328 1480 melioribus
360 1434 540 1480 adicias.
587 1435 710 1492 Quod
739 1437 969 1489 utrumque
999 1447 1085 1479 non
1116 1435 1227 1485 satis
1254 1434 1430 1479 videtur
1457 1434 1629 1480 cavisse

81 1513 404 1556 Herwerdenus
434 1513 480 1555 in
511 1512 580 1567 iis,
612 1525 724 1565 quae
754 1512 811 1555 ad
835 1512 1117 1555 Plutarchum
1149 1512 1460 1556 emendandum
1493 1512 1631 1556 edidit

80 1585 125 1632 in
145 1588 308 1644 libello,
330 1601 466 1644 ‘quem
492 1587 720 1642 inscripsit
734 1587 968 1631 Lectiones
984 1588 1436 1632 Rheno-Traiectinae
1444 1589 1498 1643 *).
1537 1589 1628 1631 Nec

79 1665 220 1723 minus
251 1665 480 1719 vulgatam
509 1664 739 1708 lectionem
769 1665 824 1707 ab
856 1677 906 1708 eo
934 1664 1082 1708 multis
1103 1665 1210 1708 locis
1228 1668 1393 1724 temere
1414 1677 1512 1708 esse
1532 1668 1626 1707 ten-

79 1744 219 1799 tatam
258 1740 516 1795 putaverim.
577 1740 795 1783 Nonnulla
833 1740 972 1795 igitur
1014 1742 1069 1784 ab
1112 1741 1186 1784 illo
1231 1743 1427 1784 correcta
1469 1740 1627 1783 iterum

78 1812 353 1870 perlustrans
400 1816 697 1860 demonstrare
744 1817 932 1860 conabar
982 1829 1112 1870 saepe
1165 1830 1260 1860 eum
1310 1816 1440 1860 aliter
1488 1816 1625 1860 fuisse

78 1892 382 1949 iudicaturum,
413 1892 500 1936 nisi
530 1893 658 1947 paulo
690 1892 998 1947 neglegentius
1019 1896 1225 1937 versatus
1257 1897 1377 1936 esset
1406 1896 1453 1936 et
1479 1892 1525 1936 in
1555 1892 1624 1947 iis,

77 1980 187 2022 quae
218 1981 245 2012 a
275 1969 528 2025 Plutarcho,
561 1973 605 2012 et
635 1968 681 2012 in
711 1968 782 2025 iis,
814 1982 926 2022 quae
958 1969 1011 2012 de
1044 1969 1280 2013 Plutarcho
1312 1968 1477 2024 scripta
1508 1972 1623 2012 sunt.

77 2045 168 2088 Nec
197 2048 344 2106 tamen
373 2044 661 2089 Herwerdeni
691 2045 976 2100 impugnandi
1008 2059 1142 2089 causa
1171 2046 1284 2088 hanc
1315 2045 1472 2099 scripsi
1513 2058 1623 2088 com-

76 2121 399 2178 mentationem,
438 2121 516 2165 sed
553 2121 656 2175 quia
693 2121 739 2165 in
773 2121 892 2165 illius
931 2121 1204 2166 coniecturas
1241 2121 1366 2176 quasi
1402 2121 1624 2175 inquirens

78 2201 123 2254 et
154 2198 207 2240 ob
240 2210 335 2240 eam
364 2210 455 2241 rem
488 2198 713 2251 scriptoris
744 2198 946 2251 loquendi
976 2212 1099 2241 usum
1131 2201 1368 2242 observans
1405 2198 1625 2252 paululum

78 2272 134 2315 ad
170 2273 282 2316 hanc
321 2273 662 2329 cognoscendam
699 2274 916 2328 profuisse
953 2274 1058 2318 mihi
1093 2274 1256 2318 videor.
1318 2274 1404 2317 Sed
1445 2273 1530 2317 iam
1567 2275 1624 2318 ad

77 2347 272 2402 singulos
301 2350 435 2404 locos,
467 2362 573 2402 quos
603 2350 858 2392 tractandos
890 2350 994 2393 mihi
1025 2350 1154 2405 elegi,
1186 2349 1435 2404 aggrediar.

194 2424 370 2478 Quaest.
405 2425 578 2475 conviv.
610 2425 646 2481 I,
672 2428 710 2481 l,
735 2429 760 2469 3
793 2428 849 2479 (p.
884 2428 983 2481 613,
1014 2426 1086 2478 D).
1120 2421 1183 2478 ἂνΓ
1200 2423 1280 2480 μὲν
1310 2422 1391 2482 γὰρ
1421 2424 1626 2477 πλείονας

78 2495 149 2557 ἔχη
185 2496 436 2557 φιλολόγους
474 2498 523 2543 τὸ
561 2497 802 2556 συμπόσιον
831 2534 840 2543 .
865 2533 875 2543 .
900 2534 925 2553 .,
963 2495 1228 2558 ἀφήσομεν
1264 2495 1444 2552 αὐτοὺς
1478 2498 1641 2559 μῦθῳ,

78 2575 398 2633 φιλοσοφεῖν,
451 2571 524 2631 οὐχ
568 2567 694 2635 ἧττον
739 2581 835 2629 ταῖς
865 2574 1069 2629 Μούσαις
1113 2575 1186 2621 τὸν
1222 2575 1432 2622 Διόνυσον
1467 2574 1494 2636 ἢ
1529 2581 1627 2629 ταῖς

77 2647 285 2708 Νύμφαις
313 2649 600 2710 κεραννύντας.
661 2654 983 2698 Herwerdenus
1022 2654 1199 2698 conicit:
1240 2651 1452 2713 ε’φὴσομεν
1482 2648 1628 2705 αὐτοῖς

193 2755 227 2800 *)
251 2756 656 2802 Lugduni—Batavorum
683 2763 785 2804 1882,
810 2770 892 2805 pag.
919 2763 962 2795 96
988 2771 1061 2804 sqq.
1120 2765 1125 2770 “
