1751 3042
850 153 875 193 5

88 291 269 345 pulvere
311 289 472 353 iniecto
516 293 635 334 certe
677 304 819 343 aquae
862 290 1110 335 crassitudo
1157 290 1359 347 efficitur,
1407 291 1486 334 sed
1529 304 1648 344 quae>

84 367 251 421 iniecta
288 369 404 422 sunt,
446 366 637 420 ipsorum
674 367 914 421 asperitate
950 367 1007 411 ad
1042 367 1248 411 eluendas
1286 367 1436 411 sordes
1474 367 1638 411 valent.

87 443 236 487 HerW.
276 443 356 486 sub
394 440 541 507 λίθοις
577 442 837 488 delitescere
877 443 1127 498 suspicatur
1165 441 1307 501 λίτρῳ,
1351 443 1379 487 i.
1420 456 1458 488 e.
1497 441 1636 501 νίτρῳ.

86 518 333 562 Probabilis
386 532 490 562 sane
541 519 804 575 coniectura,
857 520 934 564 sed
983 533 1069 563 non
1118 529 1244 564 nova.
1308 520 1373 563 Cf.
1418 521 1635 575 Doehner‚

87 593 365 649 quaestiones
406 595 711 653 Plutarcheae,
754 595 910 651 partic.
949 596 1034 640 III.
1078 610 1120 651 p.
1162 599 1229 641 14.
1292 596 1371 642 Cui
1408 596 1636 641 Plutarchi

87 671 354 714 emendatori
395 672 433 714 si
470 672 661 725 aliquam
702 685 876 725 operam
919 672 1127 728 dedisset,
1171 673 1226 714 de
1267 672 1485 715 nonnullis
1527 673 1635 715 locis

85 747 234 791 Herw.
266 747 396 791 aliter
425 747 726 804 iudicavisset,
757 761 897 802 pauca
928 749 981 792 de
1012 747 1104 792 suis
1135 748 1264 801 plane
1294 747 1527 791 omisisset.

204 824 284 879 Qu,
315 836 351 867 c.
380 822 455 867 lib.
485 824 546 880 II,
578 835 763 877 prooem.
796 826 914 879 (629,
947 823 1011 878 G).
1058 820 1113 865 τὰ
1146 817 1185 866 δ’
1218 820 1444 869 ἐπεισόδια
1475 821 1639 880 γέγονεν

86 897 238 957 ἡδονῆς
257 897 403 952 ἕνεκεν,
423 897 598 956 χρείας
617 897 684 957 μὴ
710 898 1070 958 συναγομένης,
1091 896 1238 957 ὥσπερ
1257 894 1521 956 ἀκροάματα
1549 897 1634 942 κτὲ.

84 976 209 1020 Haec
228 976 367 1021 verba
385 972 534 1021 HerW.
563 976 628 1021 ita
649 976 892 1032 corrigens:
925 973 981 1019 τὰ
1013 970 1052 1019 δ’
1086 975 1157 1019 ἐπ.
1190 974 1275 1034 γέγ.
1306 972 1459 1034 ἡδονῆς
1486 975 1633 1030 ἕνεκεν,

84 1050 145 1110 μὴ
158 1051 312 1110 χρείας,
335 1050 596 1110 συναγόμενα
611 1050 759 1111 ὥσπερ
773 1047 1050 1111 α’κροάματα,
1073 1052 1174 1096 huic
1191 1052 1467 1096 coniecturae
1481 1065 1635 1096 nomen

85 1129 259 1173 Reiskii
289 1130 509 1173 ascribere
540 1129 702 1173 debuit.

203 1206 282 1261 Qu.
321 1218 358 1250 c.
398 1205 459 1260 II,
500 1209 539 1261 2,
581 1208 603 1249 1
642 1208 760 1261 (635,
798 1206 868 1259 A).
916 1203 1202 1260 πεπαυμένων
1238 1203 1287 1248 δὲ
1325 1205 1513 1248 δειπνεῖν
1551 1206 1635 1248 τῶν

84 1276 227 1324 ἄλλων
268 1277 354 1325 κτὲ.
422 1281 570 1326 Herw.
614 1281 767 1327 scribit
808 1283 882 1325 τοῦ
926 1282 1125 1325 δειπνεῖν.
1193 1281 1254 1325 Et
1297 1294 1393 1325 cum
1434 1280 1479 1325 in
1520 1281 1632 1325 falso

84 1361 255 1401 tantum
293 1357 404 1401 libro
442 1358 496 1401 de
534 1358 656 1402 educ.
693 1371 815 1412 puer.
860 1359 994 1401 semel
1036 1360 1239 1401 occurrat
1275 1354 1500 1418 παύεσθαι
1538 1370 1635 1400 cum

85 1434 200 1478 nudo
231 1433 460 1490 infinitivo,
493 1448 530 1479 c.
552 1438 580 1479 4
611 1437 669 1491 (3,
689 1435 762 1490 A),
795 1432 834 1478 οἱ
866 1430 1103 1489 παυόμενοι
1132 1435 1349 1493 πολεμεῖν,
1379 1447 1465 1478 non
1494 1434 1635 1478 ausim

84 1510 151 1553 illi
181 1523 441 1566 repugnare.
501 1511 701 1555 Alteram
730 1513 876 1554 autem
906 1510 1193 1554 Herwerdeni
1228 1510 1274 1553 in
1305 1511 1453 1554 eodem
1489 1510 1634 1564 capite

84 1588 203 1644 (635,
224 1589 281 1642 B)
304 1588 596 1632 coniecturam
617 1602 701 1632 non
720 1575 826 1642 puto
849 1601 947 1632 esse
966 1588 1245 1641 probandam.
1290 1584 1337 1631 Ὁ
1356 1587 1405 1630 δὲ
1423 1587 1632 1644 Ξενοκλῆς

83 1660 234 1720 ἔλεγεν,
266 1659 471 1719 εὔστομόν
500 1680 544 1707 τι
573 1662 650 1708 καὶ
680 1661 881 1723 δηκτικὸν
910 1661 1057 1717 ἔχοντα
1078 1664 1161 1705 τῶν
1179 1660 1346 1721 ὡραίων
1365 1661 1419 1705 τὰ
1442 1664 1629 1706 πλεῖστα

82 1736 156 1783 τὸν
185 1735 396 1794 στόμαχον
426 1738 504 1783 ἐπὶ
533 1737 609 1798 τὴν
636 1742 794 1798 βρῶσιν
823 1738 1107 1783 ἐκκαλεῖσθαι
1136 1736 1301 1790 παντὸς
1328 1739 1496 1794 μᾶλλον
1515 1734 1628 1796 ὄψου

83 1815 160 1859 καὶ
188 1812 451 1873 ἡδύσματος·
483 1815 560 1859 καὶ
591 1814 671 1874 γὰρ
700 1819 792 1866 τοῖς
820 1810 1053 1865 ἀποσίτοις
1082 1817 1166 1857 τῶν
1194 1810 1420 1872 οῗῤῥώστων
1455 1811 1629 1872 ὀπώρας

82 1908 125 1935 τι
168 1891 451 1950 προσενεχθὲν
491 1887 847 1949 ἀναλαμβάνει
888 1889 964 1949 τὴν
1005 1887 1150 1949 ὄρεξιν.
1210 1892 1359 1935 Herw.
1397 1892 1629 1946 legendum

83 1981 181 2012 esse
209 1968 318 2012 dicit
343 1963 675 2024 ἀναλαμβάνειν,
708 1969 822 2022 quod
842 1969 924 2012 hoc
945 1971 1200 2023 argumento
1220 1980 1305 2011 non
1325 1967 1420 2021 ipse
1441 1967 1630 2021 scriptor

82 2047 246 2102 utatur,
278 2045 356 2089 sed
376 2045 611 2108 Xenocles,
644 2044 766 2089 cuius
797 2044 887 2089 sint
916 2044 1053 2088 verba
1079 2052 1352 2100 praegressa.
1405 2043 1467 2087 At
1496 2057 1628 2098 saepe

83 2117 322 2165 orationem
352 2122 611 2166 indirectam
640 2122 686 2165 in
718 2122 916 2175 quamvis
947 2121 1155 2165 brevibus
1187 2121 1454 2164 sermonibus
1486 2121 1628 2164 subito

82 2201 382 2243 transeuntem
401 2199 601 2243 videmus
631 2199 677 2243 in
708 2198 932 2243 directam.
978 2198 1111 2242 Velut
1133 2200 1231 2254 677,
1262 2199 1317 2241 D.
1346 2192 1631 2255 ,Ἀντίπατρος

84 2269 123 2318 δ’
143 2271 167 2318 ὁ
197 2271 363 2333 ἑταῖρος
392 2272 474 2333 ἔφη
504 2272 602 2326 τοὺς
630 2273 710 2330 μὲν
746 2272 959 2326 ἐνιαυτοὺς
993 2269 1208 2332 ἀρχαϊκῶς
1242 2270 1372 2330 ὥρους
1407 2272 1628 2330 λέγεσθαι·

83 2348 132 2413 τὸ
164 2349 212 2393 δὲ
242 2351 293 2404 ζα
326 2349 513 2407 μέγεθος
542 2348 696 2394 εἴωθεν
726 2349 968 2409 σημαίνειν·
1001 2347 1104 2394 ὅθεν
1133 2347 1205 2393 τὸν
1235 2350 1420 2406 πολυετῆ
1446 2348 1523 2392 καὶ
1544 2367 1632 2392 πα-

84 2423 207 2470 λαιὸν
250 2422 361 2470 οἶνον
402 2424 488 2471 ὑπὸ
537 2429 610 2471 τοῦ
646 2421 872 2481 Ἀχιλλέως
920 2426 1048 2484 ζωρὸν
1096 2421 1366 2480 ὠνομάσθαι.
1438 2428 1537 2482 683,
1584 2427 1631 2470 C.

73 2498 225 2554 Ἄλλος
255 2502 304 2546 δέ
324 2520 391 2554 τις
421 2501 515 2562 ἔφη,
548 2501 598 2547 τὸ
619 2503 750 2547 καλὸν
770 2503 817 2547 ἐκ
843 2498 1017 2545 πάντων
1038 2501 1239 2546 συντεθὲν
1256 2498 1374 2559 μόνῳ
1394 2498 1531 2560 τούτῳ
1551 2504 1635 2545 τῶν

83 2573 325 2636 ακροδρόων
354 2576 458 2637 ὀροῖν
486 2575 692 2638 ὑπάρχον·
724 2595 800 2623 και
826 2576 908 2637 γὰρ
927 2576 1004 2637 τὴν
1025 2580 1187 2636 ψαῦσιν
1206 2593 1290 2632 εχει
1309 2575 1524 2636 καθάριον
1544 2595 1631 2622 κτε.

85 2656 184 2710 690,
227 2655 281 2699 D.
325 2649 445 2699 οὐδὲν
487 2652 594 2715 ε’φην
635 2656 723 2699 δεῖν
765 2671 865 2713 περι
905 2656 979 2698 τοῦ
1016 2649 1141 2712 αέρος
1183 2655 1425 2712 διαπορεῖν·
1475 2652 1502 2712 ἡ
1552 2653 1633 2712 γὰρ

70 2726 295 2788 αι’σθησις
325 2729 438 2788 λέγει
467 2747 553 2775 κτε.
