1751 3042
819 108 873 151 14

69 249 167 304 787,
198 246 259 291 F:
296 227 549 306 πολῦρῤἶζον
579 242 709 292 οὖσαν
743 248 820 292 καὶ
857 245 1112 306 πράγμασιν
1147 246 1502 307 ἐμπεπλεγμένην
1537 249 1617 304 (sc.

64 320 142 382 τὴν
177 321 432 381 πολιτείαν),
472 319 505 369 ἃ
540 323 744 378 πλείονας
778 323 956 384 παρέχει
996 323 1186 384 ταραχὰς
1223 325 1301 369 καὶ
1336 323 1621 384 σπαραγμοὺς

64 394 374 457 ἀπερχομένοις
402 396 431 459 ἢ
459 399 670 456 μένουσιν.

182 476 297 521 Ibid.
318 477 532 533 ῙΠ’(800,
553 478 625 533 Α).
661 476 975 535 Στρατοκλέους
997 510 1007 520 .
1031 510 1041 520 .
1065 509 1076 520 .
1108 476 1346 535 ἐρωτῶντος
1369 474 1443 520 τὸν
1469 477 1618 534 δῆμον,

64 551 110 595 τί
128 547 349 612 ἠδίκηται,
381 555 494 611 τρεῖς
512 549 674 611 ἡμέρας
693 547 757 597 δι’.
774 547 902 597 αὐτὸν
920 549 1081 612 ἡδέως
1106 549 1331 611 γεγονώς.
1378 552 1618 597 Stratocles

63 628 406 673 Atheniensibus
436 629 613 673 ludibrii
644 642 780 673 causa
816 629 1041 673 nuntiavit
1077 630 1317 674 exercitum
1353 629 1523 673 illorum
1552 628 1618 671 vi-

65 704 179 749 cisse
216 705 534 762 persuasitque,
572 709 622 749 ut
652 707 705 750 ob
736 707 851 750 hunc
882 707 1046 750 laetum
1076 706 1287 750 nuntium·
1306 706 1618 750 sacrificarent.

66 780 173 824 Cum
203 784 353 825 autem
383 793 488 825 vero
527 784 737 837 acceptae
774 781 912 826 cladis
948 782 1101 827 nuntio
1138 782 1273 828 allato
1309 781 1619 837 irascerentur,

63 856 370 912 interrogavit,
408 858 511 910 quid
541 858 727 901 iniuriae
756 858 878 912 passi
908 862 1071 913 essent,
1111 871 1208 901 cum
1243 861 1421 913 propter
1456 870 1504 900 se
1537 857 1617 900 tri-

63 932 194 976 duum
239 931 482 977 suaviter
523 932 801 984 vixissent.
863 933 1160 978 Herwerdeno
1198 933 1484 979 dicentinon
1519 945 1618 976 esse

63 1007 280 1051 Graecam
310 1008 572 1052 locutionem
601 1004 737 1066 ἡδέως
762 1006 989 1066 γίγνεσθαι
1011 1012 1056 1053 et
1075 1012 1307 1064 propterea
1326 1008 1618 1063 reponendum

61 1095 161 1126 esse
191 1080 325 1140 ἡδίων
355 1081 534 1140 γεγονώς
569 1084 766 1137 (hilarior
802 1084 965 1138 factus)
1002 1084 1048 1128 hi
1083 1084 1168 1127 loci
1204 1087 1333 1128 erant
1369 1083 1616 1138 spectandi:

64 1162 162 1215 127,
184 1160 236 1204 Β.
267 1155 326 1211 ὡς
355 1157 395 1203 οἳ
427 1156 550 1217 παρὰ
580 1155 786 1204 Πλάτωνι
817 1156 1122 1218 δειπνήσαντες
1150 1158 1226 1204 καὶ
1252 1157 1464 1218 εἰσαύριον
1482 1157 1619 1217 ἡδέως

60 1233 263 1292 γίνονται.
310 1235 433 1278 Idem
464 1235 681 1280 Timothei
712 1236 876 1280 dictum
906 1236 1131 1281 invenitur
1162 1238 1261 1293 686,
1292 1236 1344 1293 Β,
1375 1235 1441 1280 ita
1470 1239 1616 1279 tamen

61 1315 287 1366 mutatum,
319 1315 371 1354 ut
400 1325 477 1365 pro
507 1308 644 1368 ἡδέως
674 1311 875 1368 γίνεσθαι
907 1313 1117 1366 scriptum
1147 1312 1208 1355 sit
1237 1313 1382 1362 καλῶς
1401 1310 1612 1367 γίνεσθαι.

58 1388 158 1444 668,
197 1387 248 1432 Β.
286 1384 331 1429 τί
368 1380 409 1429 δ’
450 1383 488 1430 οἳ
531 1385 687 1431 πολλοὶ
729 1383 969 1444 βούλονται,
1013 1384 1122 1446 πρὸς
1163 1389 1289 1441 θεῶν,
1334 1383 1438 1431 ὅταν
1478 1383 1614 1445 ἡδέως

58 1462 263 1519 γενέσθαι
295 1464 644 1519 παρακαλοῦντες
673 1459 884 1521 ἀλλήλους
919 1463 1087 1520 λέγωσι·
1126 1460 1314 1520 Σήμερον
1349 1457 1614 1518 ἆκτάσομεν,·

57 1539 175 1583 Huic
210 1539 305 1583 loco
344 1538 494 1583 confer
532 1542 630 1596 704,
668 1540 721 1584 F.
759 1538 836 1583 καὶ
878 1541 1021 1591 καλῶς
1063 1538 1276 1596 γεγονέναι
1318 1537 1487 1595 λέγουσι
1530 1539 1616 1581 δει-

58 1612 298 1672 πνήσαντες
327 1611 464 1668 ἡδέως
493 1613 570 1657 καὶ
607 1615 863 1666 πολυτελῶς.
925 1615 1035 1670 Reg.
1067 1618 1113 1659 et
1143 1615 1244 1669 imp.
1275 1615 1480 1669 apophth.
1515 1616 1612 1670 189,

57 1691 103 1735 O.
133 1685 326 1750 ἠρώτησε
356 1686 661 1748 δειπνήσαντα,
695 1692 792 1742 πῶς
821 1689 1004 1748 γέγονεν·
1035 1687 1172 1749 ἡδέως
1201 1689 1251 1734 δὲ
1280 1687 1495 1748 ᾳνὴσαντος
1523 1686 1610 1733 κτὲ.

55 1767 109 1810 In
147 1766 243 1810 vita
278 1766 492 1811 Demetrii
530 1779 649 1823 vero,
695 1780 731 1811 c.
772 1770 838 1823 11,
886 1767 961 1811 ubi
999 1767 1112 1811 idem
1155 1766 1264 1810 illud
1306 1766 1360 1809 de
1397 1765 1613 1810 Stratocle

55 1846 276 1900 narratur,
314 1843 425 1888 haec
455 1845 591 1888 verba
622 1848 744 1888 sunt:
785 1839 879 1887 εἶτα
908 1842 953 1887 τί
983 1841 1240 1887 πεπόνθατε
1277 1840 1424 1896 δεινὸν,
1462 1839 1502 1885 εἱ
1538 1839 1614 1886 δύο

55 1917 219 1978 ἡμέρας
247 1916 384 1977 ἡδέως
414 1918 637 1978 γέγονατες

175 1995 287 2042 Ibid.
330 1996 396 2041 IV
437 1999 556 2053 (800,
600 1997 665 2052 C).
711 1990 758 2039 οὗ
802 1993 883 2054 γὰρ
923 1990 1287 2055 εὐμεταχείριστον
1329 1990 1427 2039 οὐδὲ
1467 1991 1614 2052 ῥᾴδιον

57 2069 220 2115 ἁλῶναι
257 2070 335 2129 τὴν
369 2068 578 2129 σωτήριον
615 2069 778 2115 ἅλωσιν
813 2070 901 2115 ὑπὸ
937 2074 1011 2116 τοῦ
1047 2069 1242 2126 τυχόντος
1283 2068 1440 2126 ὄχλον.
1501 2071 1612 2114 Her·

54 2148 250 2194 werdeni
272 2147 565 2192 coniecturam
588 2143 711 2202 ὄχλος
735 2149 967 2204 occupavit
983 2150 1172 2193 Cobetus
1186 2149 1227 2204 *)
1257 2149 1415 2203 legens
1434 2144 1457 2190 ὁ
1477 2142 1611 2200 ὄχλος.

53 2221 222 2282 Ῥᾲδιος
251 2224 428 2280 saepius
458 2224 524 2267 ita
557 2237 652 2268 cum
673 2225 842 2279 passivi
863 2225 1080 2269 infinitivo
1102 2224 1376 2269 coniunctum
1398 2223 1610 2267 videmus.

55 2301 190 2346 Velut
224 2303 323 2357 981,
355 2301 409 2345 D.
442 2297 628 2352 σπάνιος
663 2298 744 2358 γάρ
780 2301 872 2345 ἔστι
907 2301 984 2345 καὶ
1022 2295 1086 2345 οὔ
1106 2298 1253 2359 ῥᾴδιος
1288 2297 1467 2343 ἁλῶναι.
1518 2299 1610 2343 Vit.

54 2376 215 2432 Pyrrhi
246 2389 284 2421 0.
319 2379 387 2422 14.
419 2373 582 2420 ἁλῶναι
616 2375 666 2420 δὲ
695 2373 829 2438 ῥᾴστη
861 2378 972 2434 (scil.
1005 2374 1033 2435 ἡ
1063 2370 1269 2431 Σικελία).

173 2454 285 2498 Ibid.
317 2454 358 2499 V
388 2456 506 2510 (802,
537 2454 611 2508 D).
642 2451 716 2496 τὸν
743 2453 824 2509 μὲν
854 2447 924 2498 οὖν
954 2452 1080 2498 λύκον
1111 2449 1165 2497 ου’
1194 2467 1322 2512 φασι
1354 2454 1447 2495 τῶν
1476 2447 1612 2495 ὤτων

55 2533 274 2587 κρατεῖν·
306 2530 443 2587 δῆμον
472 2530 522 2574 δὲ
551 2529 627 2574 καὶ
659 2527 789 2574 πόλιν
819 2531 866 2574 ἐκ
897 2533 982 2574 τῶν
1010 2526 1131 2573 ὤτων
1160 2526 1279 2587 ἶίγειν
1308 2530 1375 2572 δεῖ
1402 2526 1609 2584 μάλιστα.

56 2607 206 2651 Herw.
238 2619 293 2650 ex
324 2607 460 2651 verbo
490 2609 661 2665 κρατεῖν
692 2608 952 2663 exsculpens
985 2607 1074 2651 δεῖν
1104 2606 1277 2651 scribit:
1310 2600 1360 2649 οὔ
1388 2620 1499 2664 φασι
1528 2607 1612 2650 τῶν

175 2694 210 2740 *)
233 2695 402 2731 Mnemon.
427 2706 507 2732 nov.
532 2706 601 2732 ser.
626 2696 691 2732 VI.
