1751 3042
835 107 888 147 12

82 240 222 289 αὖτῶν
263 244 313 290 τὸ
354 242 529 305 ἀγαθὸν
570 243 752 306 κολούσῃ
788 247 855 305 ,τῷ
897 242 1140 305 καθήκοντι
1182 241 1532 302 δουλωσάμενος,4
1559 258 1638 302 pro

83 318 259 385 ἆγαθὸν
277 325 428 369 Herw.
455 325 553 369 vult
581 318 784 381 ἀγαστόν,
817 337 903 367 11011
933 327 1070 379 recte,
1103 328 1154 367 ut
1184 324 1347 378 opinor.
1394 325 1504 367 Nam
1535 323 1640 376 quid

81 399 185 444 huic
205 400 301 445 loco
322 400 465 457 magis
488 403 826 445 consentaneum
848 413 945 444 esse
965 402 1113 455 potest
1132 412 1259 455 quam
1284 397 1333 445 τὸ
1352 401 1428 458 τῆς
1448 396 1640 453 ἐξουσίας

81 471 269 532 ἀγαθόν,
301 477 330 520 i.
354 490 390 520 6.
422 472 447 520 ὃ
477 474 504 534 ἡ
535 475 703 528 ἐξουσία
734 471 906 532 ἀγαθὸν
935 473 1032 528 ἔχει,
1066 477 1179 529 quod
1209 476 1311 520 boni
1341 489 1396 519 ex
1419 478 1639 529 potestate

83 565 164 596 sua
201 552 437 596 hauriunt?
498 552 563 596 Cf.
604 553 717 607 Reg.
755 555 801 595 et
839 552 941 605 imp.
979 565 1048 606 ap.
1094 555 1191 607 176,
1232 553 1278 596 O.
1341 548 1503 604 Δεινὸν,
1540 547 1636 610 ἔφη,

82 630 267 687 πρᾶγμα
298 631 440 672 ποιεῖν
470 622 632 681 αὖτοὺς,
670 623 695 673 ὃ
725 624 855 684 μόνον
886 626 933 671 αὶ
974 627 1214 686 τυραννίδες
1255 623 1426 686 ἀγαθὸν
1460 624 1635 682 ἐῇιουσιν,

83 699 365 763 ἀναιροῦντες.

201 782 273 825 An
304 781 400 826 seni
431 781 491 826 sit
521 795 614 837 ger.
645 795 761 837 resp.
780 783 868 826 VII
889 785 1008 838 (787,
1032 783 1096 836 G).
1137 779 1206 825 διὸ
1236 779 1310 825 τὸν
1339 777 1504 840 φθόνον
1533 777 1638 824 ἔνιοι

83 859 146 915 τῷ
175 854 335 916 κάπνῳ,
361 854 681 916 παρεικάζουσι·
715 856 852 910 πολὺς
883 856 964 916 γὰρ
994 858 1038 901 ἐν
1066 861 1158 909 τοῖς
1188 853 1435 915 ἀρχομένοις
1465 858 1491 900 ὄ
1498 854 1550 900 ιὰ
1581 854 1638 899 τὸ

82 932 372 991 φλέγεσθαι
392 933 730 992 προεκπίπτων,Ἰ
746 932 849 978 ὅταν
870 931 1169 992 ἐκλάμψωσιν,
1190 928 1460 992 α’φανίζεται.
1505 932 1638 976 Delet

81 1011 229 1054 HerW.
262 1008 336 1058 διὰ
370 1007 421 1054 τό
452 1015 556 1055 ante
587 1010 843 1069 φλέγεσθαι.
904 1011 1013 1054 Mihi
1044 1011 1176 1054 etiam
1207 1008 1450 1068 φλέγεσθαι
1486 1009 1635 1053 oblite-

80 1086 264 1130 randum
290 1086 479 1132 videtur.
525 1088 636 1131 Nam
668 1089 805 1132 verba
837 1084 973 1139 πολὺς
994 1115 1049 1120 -
1072 1082 1326 1145 ἀφανίζεται
1358 1088 1405 1130 et
1435 1086 1489 1130 de
1519 1086 1634 1130 fumo

80 1165 128 1205 et
164 1162 220 1206 de
256 1163 425 1207 invidia
462 1164 582 1208 dicta
618 1169 735 1219 sunt,
779 1167 829 1207 ut
870 1177 954 1219 res,
999 1177 1111 1217 quae
1152 1166 1443 1218 comparatur,
1488 1165 1533 1205 et
1568 1176 1634 1218 ea,

80 1251 264 1292 quacum
295 1244 584 1301 comparatur,
622 1254 800 1296 prorsus
831 1241 948 1285 inter
978 1246 1027 1284 se
1059 1239 1420 1285 commisceantur
1455 1243 1500 1283 et
1536 1252 1633 1283 con-

80 1315 333 1360 fundantur.
395 1317 586 1360 Verbum
617 1315 860 1374 φλέγεσθαι
890 1321 1037 1360 autem
1067 1330 1153 1360 non
1189 1316 1296 1359 licet
1331 1329 1543 1369 usurpare
1580 1317 1634 1359 de

79 1378 323 1436 hominibus
365 1394 677 1447 rempublicam
721 1394 1028 1438 tractantibus.
1091 1394 1154 1437 Et
1195 1392 1387 1448 genuina
1427 1392 1634 1436 videntur

79 1468 294 1513 mansisse
329 1469 376 1526 in
412 1469 487 1514 illo
527 1471 643 1524 apud
680 1471 799 1515 Stob.
838 1471 956 1515 Flor.
995 1471 1255 1527 XXXVIII,
1294 1473 1346 1514 31
1385 1470 1632 1525 fragmento

78 1545 272 1599 alioquin
292 1546 464 1590 vitiato.
511 1547 581 1591 Ibi
602 1547 715 1591 enim
736 1549 963 1603 leguntur:
996 1545 1069 1591 τὸν
1089 1543 1254 1605 φθόνον
1273 1544 1377 1590 ἔνιοι
1396 1547 1458 1604 τῷ
1478 1543 1633 1604 κάπνῳ

76 1618 308 1674 εἰκάζουσι·
342 1620 480 1673 πολὺς
510 1620 592 1679 γὰρ
622 1622 666 1665 ἐν
695 1626 786 1674 τοῖς
812 1617 1062 1680 α’ρχομένοις
1081 1619 1150 1674 ὢν,
1183 1620 1287 1665 ὅταν
1306 1622 1630 1680 ἐκλαμφθῶσιν,

74 1691 348 1755 ἅφανίζεται.
410 1699 600 1742 Verbum
633 1695 896 1756 ἐκλάμψωσι
933 1702 1052 1742 certe
1083 1712 1168 1742 non
1199 1699 1336 1742 solum
1367 1699 1425 1742 ad
1455 1712 1527 1742 res
1563 1712 1630 1742 ar-

75 1773 230 1817 dentes
261 1774 536 1818 referendum
568 1788 667 1819 esse
696 1774 858 1829 plurali
888 1774 1027 1818 forma
1056 1779 1252 1830 apparet,
1284 1787 1396 1829 quae
1425 1774 1631 1819 mutanda

76 1853 197 1893 esset
226 1850 273 1893 in
305 1851 487 1908 formam
518 1848 738 1909 ἐκλάμψῃ),
772 1852 811 1894 si
842 1851 1085 1894 subiectum
1116 1853 1300 1894 haberet
1329 1848 1384 1892 τὰ
1407 1845 1630 1908 ἀρχόμενα.

193 1925 305 1970 Ibid.
349 1927 436 1984 XV
479 1928 598 1983 (791,
643 1927 714 1981 F).
776 1923 1082 1985 Μασανάσσην
1132 1921 1173 1970 δ’
1218 1924 1377 1984 ἱστορεῖ
1414 1922 1631 1983 Πολύβιος
1698 1947 1703 1951 ·

74 1997 322 2058 ἐνενὴκοντα
351 2001 433 2056 μὲν
463 2002 568 2045 ἑτῶν
598 1997 854 2045 ἀποθανεῖν.
901 2004 1008 2046 Post
1039 2002 1157 2045 ἑτῶν.
1171 2003 1328 2046 inserit
1354 1997 1438 2046 ὅντ’
1458 2004 1629 2059 HerW.;

74 2091 177 2122 nam
206 2081 293 2133 aut¹
314 2078 380 2122 ita
409 2078 529 2131 loqui
559 2078 842 2121 Plutarchum
881 2082 959 2121 aut
996 2082 1195 2122 veterum
1233 2091 1352 2122 more
1388 2074 1631 2136 ἐνενήκοντα

73 2150 148 2212 ἔτη
179 2149 388 2210 γεγονώς..
417 2154 513 2197 Non
544 2157 666 2198 recte
696 2155 778 2197 hoc
808 2154 928 2198 dicit.
975 2154 1191 2207 Eqmdem
1221 2167 1433 2207 nusquam
1461 2151 1561 2197 vidi·
1585 2155 1631 2198 in

73 2230 353 2274 Plutarcheis
381 2229 559 2285 scriptis
586 2229 695 2274 illud
722 2225 781 2273 ὤν
802 2243 896 2274 611111
923 2230 1134 2287 genitivo.
1183 2229 1280 2275 Nisi
1298 2229 1413 2274 forte
1433 2233 1480 2275 et
1499 2243 1632 2286 supra

72 2308 223 2350 Herw.
254 2307 350 2350 iure
380 2308 463 2350 hoc
493 2308 674 2350 verbum
704 2307 873 2350 inserit
899 2310 945 2351 et
980 2307 1026 2350 in
1056 2307 1154 2350 vita
1183 2307 1308 2350 Alex.
1341 2320 1378 2350 6.
1410 2309 1481 2350 41.
1517 2307 1631 2351 idem

74 2384 145 2427 est
182 2383 477 2439 inserendum,
522 2383 597 2426 ubi
638 2383 692 2427 de
729 2384 981 2438 Bucephala
1021 2384 1230 2440 scriptum
1270 2387 1357 2427 est:
1403 2379 1632 2440 τριάκοντα

74 2455 155 2516 γὰρ
185 2458 291 2501 ἑτῶν
318 2453 568 2502 α’ποθανεῖν
599 2452 740 2502 αὐτόν.
802 2460 983 2504 Eadem.
1000 2462 1224 2504 structura
1253 2458 1301 2503 in
1331 2458 1424 2503 deo.
1456 2471 1517 2504 or.
1549 2458 1630 2504 vit.

75 2538 175 2598 844,
195 2536 237 2578 A
257 2536 500 2590 (Demosth.
522 2536 638 2590 init.)
659 2536 900 2580 invenitur:
932 2535 1245 2594 καταλειφθεὶς
1263 2532 1351 2578 ὑπὸ
1374 2538 1447 2578 τοῦ
1467 2533 1632 2594 πατρὸς

73 2609 178 2654 ἐιῶν
202 2607 332 2665 ἑπτά,
365 2625 461 2657 611111
485 2612 607 2668 apud
629 2612 866 2668 genuinum
887 2614 1186 2669 Plutarchum,
1207 2626 1252 2657 v.
1272 2613 1497 2657 Demosth.
1529 2626 1565 2657 c.
1589 2616 1631 2668 4,

73 2688 184 2732 haec
211 2688 319 2741 sint:
349 2683 645 2748 ἀπολειφθεὶς
671 2683 712 2733 δ’
734 2685 758 2733 ὁ
779 2685 1068 2749 Δημοσθένης
1086 2686 1173 2733 ὑπὸ
1194 2691 1267 2734 τοῦ
1288 2685 1455 2747 πατρὸς
1474 2685 1633 2733 ἑπταέ-
