<?xml version="1.0" encoding="UTF-8"?>
<!DOCTYPE html PUBLIC "-//W3C//DTD XHTML 1.0 Transitional//EN"
    "http://www.w3.org/TR/xhtml1/DTD/xhtml1-transitional.dtd">
<html xmlns="http://www.w3.org/1999/xhtml" xml:lang="en" lang="en">
 <head>
  <title>
</title>
<meta http-equiv="Content-Type" content="text/html;charset=utf-8" />
  <meta name='ocr-system' content='tesseract 3.04.00' />
  <meta name='ocr-capabilities' content='ocr_page ocr_carea ocr_par ocr_line ocrx_word'/>
</head>
<body>
  <div class='ocr_page' id='page_1' title='image "4738049_0024.png"; bbox 0 0 1751 3042; ppageno 0'>
   <div class='ocr_carea' id='block_1_1' title="bbox 832 115 886 159">
    <p class='ocr_par' dir='ltr' id='par_1_1' title="bbox 832 115 886 159">
     <span class='ocr_line' id='line_1_1' title="bbox 832 115 886 159; baseline 0.019 -1"><span class='ocrx_word' id='word_1_1' title='bbox 832 115 886 159; x_wconf 91' lang='lat'>18</span> 
     </span>
    </p>
   </div>
   <div class='ocr_carea' id='block_1_2' title="bbox 35 245 1646 2594">
    <p class='ocr_par' dir='ltr' id='par_1_2' title="bbox 77 245 1631 471">
     <span class='ocr_line' id='line_1_2' title="bbox 80 245 1631 314; baseline -0.001 -15"><span class='ocrx_word' id='word_1_2' title='bbox 80 247 153 310; x_wconf 77' lang='grc' dir='ltr'>οὐχ</span> <span class='ocrx_word' id='word_1_3' title='bbox 194 245 321 314; x_wconf 78' lang='grc' dir='ltr'><em>ἧττον</em></span> <span class='ocrx_word' id='word_1_4' title='bbox 362 256 449 301; x_wconf 84' lang='lat' dir='ltr'>iam</span> <span class='ocrx_word' id='word_1_5' title='bbox 485 256 693 302; x_wconf 80' lang='lat' dir='ltr'>Reiskius</span> <span class='ocrx_word' id='word_1_6' title='bbox 736 255 857 300; x_wconf 85' lang='lat' dir='ltr'>fecit.</span> <span class='ocrx_word' id='word_1_7' title='bbox 919 255 1120 299; x_wconf 84' lang='lat' dir='ltr'>Ceterum</span> <span class='ocrx_word' id='word_1_8' title='bbox 1162 254 1270 298; x_wconf 82' lang='lat' dir='ltr'>haee</span> <span class='ocrx_word' id='word_1_9' title='bbox 1312 253 1449 298; x_wconf 86' lang='lat' dir='ltr'>verba</span> <span class='ocrx_word' id='word_1_10' title='bbox 1491 264 1631 308; x_wconf 88' lang='lat' dir='ltr'>neque</span> 
     </span>
     <span class='ocr_line' id='line_1_3' title="bbox 77 329 1630 388; baseline -0.001 -13"><span class='ocrx_word' id='word_1_11' title='bbox 77 330 221 376; x_wconf 84' lang='lat' dir='ltr'><strong>minus</strong></span> <span class='ocrx_word' id='word_1_12' title='bbox 253 332 482 387; x_wconf 84' lang='lat' dir='ltr'>sequentia</span> <span class='ocrx_word' id='word_1_13' title='bbox 512 332 689 388; x_wconf 86' lang='lat' dir='ltr'>quantis</span> <span class='ocrx_word' id='word_1_14' title='bbox 720 332 921 376; x_wconf 88' lang='lat' dir='ltr'>laborent</span> <span class='ocrx_word' id='word_1_15' title='bbox 949 330 1073 375; x_wconf 82' lang='lat' dir='ltr'>vitiis</span> <span class='ocrx_word' id='word_1_16' title='bbox 1104 342 1316 384; x_wconf 84' lang='lat' dir='ltr'><strong>quamque</strong></span> <span class='ocrx_word' id='word_1_17' title='bbox 1346 330 1496 386; x_wconf 87' lang='lat' dir='ltr'>inepta</span> <span class='ocrx_word' id='word_1_18' title='bbox 1528 329 1630 387; x_wconf 70' lang='lat' dir='ltr'>sint,</span> 
     </span>
     <span class='ocr_line' id='line_1_4' title="bbox 78 408 901 471; baseline 0.001 -19"><span class='ocrx_word' id='word_1_19' title='bbox 78 408 335 454; x_wconf 86' lang='lat' dir='ltr'>Doehnerus</span> <span class='ocrx_word' id='word_1_20' title='bbox 349 411 389 464; x_wconf 85' lang='grc'>*)</span> <span class='ocrx_word' id='word_1_21' title='bbox 420 410 701 454; x_wconf 86' lang='lat' dir='ltr'>demonstrat.</span> <span class='ocrx_word' id='word_1_22' title='bbox 898 469 901 471; x_wconf 25' lang='grc'>-</span> 
     </span>
    </p>

    <p class='ocr_par' dir='ltr' id='par_1_3' title="bbox 35 477 1646 1754">
     <span class='ocr_line' id='line_1_5' title="bbox 197 477 1633 542; baseline -0.001 -14"><span class='ocrx_word' id='word_1_23' title='bbox 197 485 376 541; x_wconf 77' lang='lat' dir='ltr'>Quaest.</span> <span class='ocrx_word' id='word_1_24' title='bbox 408 488 551 530; x_wconf 88' lang='lat' dir='ltr'><strong>natur.</strong></span> <span class='ocrx_word' id='word_1_25' title='bbox 582 484 700 528; x_wconf 94' lang='lat' dir='ltr'>XIII</span> <span class='ocrx_word' id='word_1_26' title='bbox 731 486 848 541; x_wconf 89' lang='lat'>(915,</span> <span class='ocrx_word' id='word_1_27' title='bbox 881 484 944 538; x_wconf 86' lang='lat' dir='ltr'>C).</span> <span class='ocrx_word' id='word_1_28' title='bbox 983 480 1010 542; x_wconf 76' lang='grc' dir='ltr'>ἢ</span> <span class='ocrx_word' id='word_1_29' title='bbox 1041 485 1180 542; x_wconf 82' lang='grc' dir='ltr'><strong><em>σῆψις</em></strong></span> <span class='ocrx_word' id='word_1_30' title='bbox 1207 482 1288 539; x_wconf 71' lang='grc' dir='ltr'>μὲν</span> <span class='ocrx_word' id='word_1_31' title='bbox 1317 477 1392 528; x_wconf 77' lang='grc' dir='ltr'>οὔκ</span> <span class='ocrx_word' id='word_1_32' title='bbox 1422 479 1524 527; x_wconf 72' lang='grc' dir='ltr'><em>ἔστι·</em></span> <span class='ocrx_word' id='word_1_33' title='bbox 1549 484 1633 526; x_wconf 81' lang='grc' dir='ltr'>τῶν</span> 
     </span>
     <span class='ocr_line' id='line_1_6' title="bbox 80 554 1631 618; baseline -0.001 -15"><span class='ocrx_word' id='word_1_34' title='bbox 80 558 274 614; x_wconf 82' lang='grc' dir='ltr'><em>δικτύων,</em></span> <span class='ocrx_word' id='word_1_35' title='bbox 320 559 423 604; x_wconf 85' lang='grc' dir='ltr'><em>ὅταν</em></span> <span class='ocrx_word' id='word_1_36' title='bbox 462 560 511 604; x_wconf 81' lang='grc' dir='ltr'>δὲ</span> <span class='ocrx_word' id='word_1_37' title='bbox 545 559 672 618; x_wconf 80' lang='grc' dir='ltr'><em>φρίξῃ</em></span> <span class='ocrx_word' id='word_1_38' title='bbox 707 560 784 604; x_wconf 84' lang='grc' dir='ltr'>καὶ</span> <span class='ocrx_word' id='word_1_39' title='bbox 823 563 943 618; x_wconf 80' lang='grc' dir='ltr'><em>παγῇ</em></span> <span class='ocrx_word' id='word_1_40' title='bbox 979 558 1052 603; x_wconf 81' lang='grc' dir='ltr'>διὰ</span> <span class='ocrx_word' id='word_1_41' title='bbox 1092 558 1143 603; x_wconf 86' lang='grc' dir='ltr'>τὸ</span> <span class='ocrx_word' id='word_1_42' title='bbox 1180 562 1314 617; x_wconf 81' lang='grc' dir='ltr'><em>ψῦχος</em></span> <span class='ocrx_word' id='word_1_43' title='bbox 1355 554 1631 618; x_wconf 75' lang='grc' dir='ltr'><em>ἀναξηραινᾶ</em></span> 
     </span>
     <span class='ocr_line' id='line_1_7' title="bbox 77 631 1629 694; baseline -0.001 -15"><span class='ocrx_word' id='word_1_44' title='bbox 77 651 184 691; x_wconf 88' lang='grc' dir='ltr'><em>μενα</em></span> <span class='ocrx_word' id='word_1_45' title='bbox 209 669 218 678; x_wconf 93' lang='grc'><em>.</em></span> <span class='ocrx_word' id='word_1_46' title='bbox 243 669 253 679; x_wconf 93' lang='grc'><em>.</em></span> <span class='ocrx_word' id='word_1_47' title='bbox 277 669 301 689; x_wconf 86' lang='grc'>.,</span> <span class='ocrx_word' id='word_1_48' title='bbox 343 633 501 694; x_wconf 82' lang='grc' dir='ltr'><em>σήψει</em></span> <span class='ocrx_word' id='word_1_49' title='bbox 536 635 655 679; x_wconf 84' lang='grc' dir='ltr'><em>τινὶ’</em></span> <span class='ocrx_word' id='word_1_50' title='bbox 674 635 751 680; x_wconf 81' lang='grc' dir='ltr'>καὶ</span> <span class='ocrx_word' id='word_1_51' title='bbox 780 632 961 693; x_wconf 83' lang='grc' dir='ltr'><em>μυδήσει</em></span> <span class='ocrx_word' id='word_1_52' title='bbox 997 632 1156 689; x_wconf 82' lang='grc' dir='ltr'><em>πάσχει</em></span> <span class='ocrx_word' id='word_1_53' title='bbox 1193 631 1514 693; x_wconf 82' lang='grc' dir='ltr'><em>παραπλήσιον.</em></span> <span class='ocrx_word' id='word_1_54' title='bbox 1575 635 1629 678; x_wconf 86' lang='lat' dir='ltr'>Id</span> 
     </span>
     <span class='ocr_line' id='line_1_8' title="bbox 79 696 1631 768; baseline -0.001 -13"><span class='ocrx_word' id='word_1_55' title='bbox 79 716 166 756; x_wconf 88' lang='lat' dir='ltr'>est:</span> <span class='ocrx_word' id='word_1_56' title='bbox 210 725 268 756; x_wconf 88' lang='lat' dir='ltr'>an</span> <span class='ocrx_word' id='word_1_57' title='bbox 306 696 435 756; x_wconf 79' lang='lat' dir='ltr'>vera</span> <span class='ocrx_word' id='word_1_58' title='bbox 470 712 654 766; x_wconf 80' lang='lat' dir='ltr'>putredo</span> <span class='ocrx_word' id='word_1_59' title='bbox 691 712 812 756; x_wconf 88' lang='lat' dir='ltr'><strong>nulla</strong></span> <span class='ocrx_word' id='word_1_60' title='bbox 849 711 1012 756; x_wconf 83' lang='lat' dir='ltr'>accidit</span> <span class='ocrx_word' id='word_1_61' title='bbox 1054 711 1235 767; x_wconf 85' lang='lat' dir='ltr'>retibus,</span> <span class='ocrx_word' id='word_1_62' title='bbox 1277 710 1442 766; x_wconf 84' lang='lat' dir='ltr'>frigore</span> <span class='ocrx_word' id='word_1_63' title='bbox 1484 713 1631 768; x_wconf 86' lang='lat' dir='ltr'>autem</span> 
     </span>
     <span class='ocr_line' id='line_1_9' title="bbox 35 787 1628 843; baseline 0 -12"><span class='ocrx_word' id='word_1_64' title='bbox 35 794 37 797; x_wconf 57' lang='lat'><em>⁴</em></span> <span class='ocrx_word' id='word_1_65' title='bbox 78 792 281 832; x_wconf 86' lang='lat' dir='ltr'>concreta</span> <span class='ocrx_word' id='word_1_66' title='bbox 318 792 366 831; x_wconf 89' lang='lat' dir='ltr'>et</span> <span class='ocrx_word' id='word_1_67' title='bbox 403 788 659 833; x_wconf 83' lang='lat' dir='ltr'>exsiccata.</span> <span class='ocrx_word' id='word_1_68' title='bbox 684 823 694 833; x_wconf 94' lang='lat'><strong>.</strong></span> <span class='ocrx_word' id='word_1_69' title='bbox 719 823 728 833; x_wconf 95' lang='lat'>.</span> <span class='ocrx_word' id='word_1_70' title='bbox 768 789 933 842; x_wconf 86' lang='lat' dir='ltr'>aliquid</span> <span class='ocrx_word' id='word_1_71' title='bbox 969 789 1195 843; x_wconf 88' lang='lat' dir='ltr'>patiuntur</span> <span class='ocrx_word' id='word_1_72' title='bbox 1240 788 1381 832; x_wconf 81' lang='lat' dir='ltr'>simile</span> <span class='ocrx_word' id='word_1_73' title='bbox 1427 787 1628 831; x_wconf 85' lang='lat' dir='ltr'><strong>cuidam</strong></span> 
     </span>
     <span class='ocr_line' id='line_1_10' title="bbox 75 861 1631 920; baseline 0 -13"><span class='ocrx_word' id='word_1_74' title='bbox 75 863 296 918; x_wconf 78' lang='lat' dir='ltr'><strong>putredini</strong></span> <span class='ocrx_word' id='word_1_75' title='bbox 315 868 361 908; x_wconf 90' lang='lat' dir='ltr'>et</span> <span class='ocrx_word' id='word_1_76' title='bbox 383 864 661 920; x_wconf 88' lang='lat' dir='ltr'>corruptioni.</span> <span class='ocrx_word' id='word_1_77' title='bbox 708 865 799 909; x_wconf 83' lang='lat' dir='ltr'>Nee</span> <span class='ocrx_word' id='word_1_78' title='bbox 831 877 935 909; x_wconf 87' lang='lat' dir='ltr'>vero</span> <span class='ocrx_word' id='word_1_79' title='bbox 971 864 1190 909; x_wconf 79' lang='lat' dir='ltr'>assentior</span> <span class='ocrx_word' id='word_1_80' title='bbox 1219 864 1516 908; x_wconf 87' lang='lat' dir='ltr'>Herwerdeno</span> <span class='ocrx_word' id='word_1_81' title='bbox 1545 861 1631 907; x_wconf 86' lang='grc' dir='ltr'><em>τινί</em></span> 
     </span>
     <span class='ocr_line' id='line_1_11' title="bbox 75 929 1627 998; baseline 0 -16"><span class='ocrx_word' id='word_1_82' title='bbox 75 939 235 983; x_wconf 86' lang='lat' dir='ltr'><strong>falsum</strong></span> <span class='ocrx_word' id='word_1_83' title='bbox 266 944 312 984; x_wconf 92' lang='lat' dir='ltr'>et</span> <span class='ocrx_word' id='word_1_84' title='bbox 342 941 618 984; x_wconf 83' lang='lat' dir='ltr'>scribendum</span> <span class='ocrx_word' id='word_1_85' title='bbox 649 929 746 984; x_wconf 63' lang='lat' dir='ltr'>esee</span> <span class='ocrx_word' id='word_1_86' title='bbox 777 941 959 984; x_wconf 87' lang='lat' dir='ltr'>dicenti:</span> <span class='ocrx_word' id='word_1_87' title='bbox 991 937 1125 998; x_wconf 80' lang='grc' dir='ltr'><strong><em>σήψει</em></strong></span> <span class='ocrx_word' id='word_1_88' title='bbox 1145 956 1189 983; x_wconf 86' lang='grc' dir='ltr'>τι</span> <span class='ocrx_word' id='word_1_89' title='bbox 1209 937 1296 983; x_wconf 73' lang='grc' dir='ltr'>κτὲ.</span> <span class='ocrx_word' id='word_1_90' title='bbox 1345 940 1409 984; x_wconf 83' lang='lat' dir='ltr'>Cf.</span> <span class='ocrx_word' id='word_1_91' title='bbox 1431 953 1474 984; x_wconf 86' lang='lat' dir='ltr'>v.</span> <span class='ocrx_word' id='word_1_92' title='bbox 1497 940 1627 983; x_wconf 82' lang='lat' dir='ltr'>Thes.</span> 
     </span>
     <span class='ocr_line' id='line_1_12' title="bbox 76 1011 1624 1076; baseline -0.001 -16"><span class='ocrx_word' id='word_1_93' title='bbox 76 1028 111 1060; x_wconf 84' lang='lat' dir='ltr'>c.</span> <span class='ocrx_word' id='word_1_94' title='bbox 152 1018 222 1060; x_wconf 83' lang='lat'>20.</span> <span class='ocrx_word' id='word_1_95' title='bbox 259 1014 339 1068; x_wconf 79' lang='grc' dir='ltr'><em>τὰς</em></span> <span class='ocrx_word' id='word_1_96' title='bbox 375 1016 424 1060; x_wconf 74' lang='grc' dir='ltr'>δὲ</span> <span class='ocrx_word' id='word_1_97' title='bbox 461 1013 596 1076; x_wconf 79' lang='grc' dir='ltr'><em>ταύτῃ</em></span> <span class='ocrx_word' id='word_1_98' title='bbox 628 1015 846 1075; x_wconf 81' lang='grc' dir='ltr'><em>δρωμένας</em></span> <span class='ocrx_word' id='word_1_99' title='bbox 880 1014 1041 1068; x_wconf 85' lang='grc' dir='ltr'><em>θυσίας</em></span> <span class='ocrx_word' id='word_1_100' title='bbox 1078 1011 1188 1060; x_wconf 80' lang='grc' dir='ltr'><em>εἶναι</em></span> <span class='ocrx_word' id='word_1_101' title='bbox 1231 1014 1388 1060; x_wconf 81' lang='grc' dir='ltr'><em>πένθει</em></span> <span class='ocrx_word' id='word_1_102' title='bbox 1427 1013 1512 1059; x_wconf 85' lang='grc' dir='ltr'><em>τινὶ</em></span> <span class='ocrx_word' id='word_1_103' title='bbox 1548 1013 1624 1059; x_wconf 83' lang='grc' dir='ltr'>καὶ</span> 
     </span>
     <span class='ocr_line' id='line_1_13' title="bbox 74 1087 1627 1150; baseline -0.001 -17"><span class='ocrx_word' id='word_1_104' title='bbox 74 1088 324 1150; x_wconf 78' lang='grc' dir='ltr'><em>στυγνότητι</em></span> <span class='ocrx_word' id='word_1_105' title='bbox 365 1091 644 1149; x_wconf 84' lang='grc' dir='ltr'><em>μεμιγμένας.</em></span> <span class='ocrx_word' id='word_1_106' title='bbox 723 1096 790 1149; x_wconf 84' lang='lat'>77,</span> <span class='ocrx_word' id='word_1_107' title='bbox 834 1093 880 1136; x_wconf 83' lang='lat' dir='ltr'>O.</span> <span class='ocrx_word' id='word_1_108' title='bbox 932 1087 1043 1134; x_wconf 76' lang='grc' dir='ltr'><em>ἄλλα</em></span> <span class='ocrx_word' id='word_1_109' title='bbox 1092 1091 1219 1150; x_wconf 77' lang='grc' dir='ltr'><em>πείνῃ</em></span> <span class='ocrx_word' id='word_1_110' title='bbox 1266 1091 1351 1134; x_wconf 83' lang='grc' dir='ltr'><em>τινὶ</em></span> <span class='ocrx_word' id='word_1_111' title='bbox 1395 1090 1473 1134; x_wconf 75' lang='grc' dir='ltr'>καὶ</span> <span class='ocrx_word' id='word_1_112' title='bbox 1515 1089 1627 1149; x_wconf 79' lang='grc' dir='ltr'><em>δίψῃ</em></span> 
     </span>
     <span class='ocr_line' id='line_1_14' title="bbox 73 1163 1627 1224; baseline 0.001 -15"><span class='ocrx_word' id='word_1_113' title='bbox 73 1163 226 1219; x_wconf 88' lang='grc' dir='ltr'><em>πάθος</em></span> <span class='ocrx_word' id='word_1_114' title='bbox 266 1165 414 1223; x_wconf 84' lang='grc' dir='ltr'><em>ὅμοιον</em></span> <span class='ocrx_word' id='word_1_115' title='bbox 450 1167 494 1211; x_wconf 75' lang='grc' dir='ltr'>ἐν</span> <span class='ocrx_word' id='word_1_116' title='bbox 529 1172 620 1220; x_wconf 84' lang='grc' dir='ltr'><em>τοῖς</em></span> <span class='ocrx_word' id='word_1_117' title='bbox 650 1164 971 1224; x_wconf 71' lang='grc' dir='ltr'><em>ἀποσπασμοῖς</em></span> <span class='ocrx_word' id='word_1_118' title='bbox 1001 1164 1258 1222; x_wconf 83' lang='grc' dir='ltr'><em>πάσχοντας.</em></span> <span class='ocrx_word' id='word_1_119' title='bbox 1320 1168 1382 1212; x_wconf 78' lang='lat' dir='ltr'>Et</span> <span class='ocrx_word' id='word_1_120' title='bbox 1418 1168 1498 1211; x_wconf 89' lang='lat' dir='ltr'>hoc</span> <span class='ocrx_word' id='word_1_121' title='bbox 1534 1168 1627 1212; x_wconf 83' lang='lat' dir='ltr'>loco</span> 
     </span>
     <span class='ocr_line' id='line_1_15' title="bbox 74 1240 1630 1302; baseline -0.001 -15"><span class='ocrx_word' id='word_1_122' title='bbox 74 1256 250 1288; x_wconf 84' lang='lat' dir='ltr'>moneor</span> <span class='ocrx_word' id='word_1_123' title='bbox 279 1244 469 1289; x_wconf 69' lang='lat' dir='ltr'>fortasse</span> <span class='ocrx_word' id='word_1_124' title='bbox 506 1248 674 1289; x_wconf 80' lang='lat' dir='ltr'>rectum</span> <span class='ocrx_word' id='word_1_125' title='bbox 713 1258 830 1289; x_wconf 82' lang='lat' dir='ltr'>esse:</span> <span class='ocrx_word' id='word_1_126' title='bbox 879 1241 1013 1302; x_wconf 77' lang='grc' dir='ltr'><em>σήψει</em></span> <span class='ocrx_word' id='word_1_127' title='bbox 1049 1243 1133 1287; x_wconf 82' lang='grc' dir='ltr'><em>τινὶ</em></span> <span class='ocrx_word' id='word_1_128' title='bbox 1162 1243 1239 1287; x_wconf 81' lang='grc' dir='ltr'>καὶ</span> <span class='ocrx_word' id='word_1_129' title='bbox 1269 1240 1448 1301; x_wconf 83' lang='grc' dir='ltr'><em>μυδήσει</em></span> <span class='ocrx_word' id='word_1_130' title='bbox 1478 1240 1630 1294; x_wconf 89' lang='grc' dir='ltr'><em>πάθος</em></span> 
     </span>
     <span class='ocr_line' id='line_1_16' title="bbox 75 1316 1626 1379; baseline 0.001 -17"><span class='ocrx_word' id='word_1_131' title='bbox 75 1316 233 1374; x_wconf 86' lang='grc' dir='ltr'><em>πάσχει</em></span> <span class='ocrx_word' id='word_1_132' title='bbox 263 1317 586 1379; x_wconf 81' lang='grc' dir='ltr'><em>παραπλήσιον.</em></span> <span class='ocrx_word' id='word_1_133' title='bbox 634 1321 904 1376; x_wconf 80' lang='lat' dir='ltr'><strong>Quamquam</strong></span> <span class='ocrx_word' id='word_1_134' title='bbox 934 1324 1079 1365; x_wconf 91' lang='lat' dir='ltr'>autem</span> <span class='ocrx_word' id='word_1_135' title='bbox 1102 1320 1381 1374; x_wconf 81' lang='lat' dir='ltr'>quaestiones</span> <span class='ocrx_word' id='word_1_136' title='bbox 1401 1319 1626 1364; x_wconf 81' lang='lat' dir='ltr'><strong>naturales</strong></span> 
     </span>
     <span class='ocr_line' id='line_1_17' title="bbox 73 1396 1627 1451; baseline 0 -13"><span class='ocrx_word' id='word_1_137' title='bbox 73 1408 160 1439; x_wconf 89' lang='lat' dir='ltr'>non</span> <span class='ocrx_word' id='word_1_138' title='bbox 190 1409 217 1439; x_wconf 89' lang='lat' dir='ltr'><strong>a</strong></span> <span class='ocrx_word' id='word_1_139' title='bbox 247 1396 483 1440; x_wconf 82' lang='lat' dir='ltr'><strong>Plutarcho</strong></span> <span class='ocrx_word' id='word_1_140' title='bbox 520 1397 739 1451; x_wconf 85' lang='lat' dir='ltr'>profectas</span> <span class='ocrx_word' id='word_1_141' title='bbox 776 1409 875 1440; x_wconf 84' lang='lat' dir='ltr'>esse</span> <span class='ocrx_word' id='word_1_142' title='bbox 911 1397 1027 1440; x_wconf 87' lang='lat' dir='ltr'>inter</span> <span class='ocrx_word' id='word_1_143' title='bbox 1064 1408 1211 1440; x_wconf 83' lang='lat' dir='ltr'>omnes</span> <span class='ocrx_word' id='word_1_144' title='bbox 1252 1398 1439 1451; x_wconf 81' lang='lat' dir='ltr'>constat,</span> <span class='ocrx_word' id='word_1_145' title='bbox 1479 1398 1627 1439; x_wconf 90' lang='lat' dir='ltr'>tamen</span> 
     </span>
     <span class='ocr_line' id='line_1_18' title="bbox 72 1471 1646 1528; baseline 0.001 -13"><span class='ocrx_word' id='word_1_146' title='bbox 72 1471 178 1515; x_wconf 88' lang='lat' dir='ltr'>mihi</span> <span class='ocrx_word' id='word_1_147' title='bbox 209 1471 344 1516; x_wconf 85' lang='lat' dir='ltr'>liceat</span> <span class='ocrx_word' id='word_1_148' title='bbox 372 1473 601 1518; x_wconf 84' lang='lat' dir='ltr'>nonnullos</span> <span class='ocrx_word' id='word_1_149' title='bbox 633 1472 797 1517; x_wconf 84' lang='lat' dir='ltr'>similes</span> <span class='ocrx_word' id='word_1_150' title='bbox 829 1486 884 1517; x_wconf 86' lang='lat' dir='ltr'>ex</span> <span class='ocrx_word' id='word_1_151' title='bbox 914 1473 989 1517; x_wconf 91' lang='lat' dir='ltr'>illo</span> <span class='ocrx_word' id='word_1_152' title='bbox 1028 1473 1146 1517; x_wconf 83' lang='lat' dir='ltr'>locos</span> <span class='ocrx_word' id='word_1_153' title='bbox 1185 1484 1400 1527; x_wconf 83' lang='lat' dir='ltr'><strong>promere:</strong></span> <span class='ocrx_word' id='word_1_154' title='bbox 1443 1473 1540 1528; x_wconf 88' lang='lat'>138,</span> <span class='ocrx_word' id='word_1_155' title='bbox 1571 1471 1646 1516; x_wconf 82' lang='lat' dir='ltr'>E.·</span> 
     </span>
     <span class='ocr_line' id='line_1_19' title="bbox 73 1545 1624 1603; baseline 0 -13"><span class='ocrx_word' id='word_1_156' title='bbox 73 1545 222 1602; x_wconf 80' lang='grc' dir='ltr'><em>ὅμοιον</em></span> <span class='ocrx_word' id='word_1_157' title='bbox 263 1545 437 1591; x_wconf 73' lang='grc' dir='ltr'><em>ἔπαθον</em></span> <span class='ocrx_word' id='word_1_158' title='bbox 479 1545 631 1599; x_wconf 87' lang='grc' dir='ltr'><em>πάθος</em></span> <span class='ocrx_word' id='word_1_159' title='bbox 672 1551 764 1599; x_wconf 87' lang='grc' dir='ltr'><em>τοῖς</em></span> <span class='ocrx_word' id='word_1_160' title='bbox 786 1581 795 1590; x_wconf 92' lang='grc'><em>.</em></span> <span class='ocrx_word' id='word_1_161' title='bbox 820 1581 829 1590; x_wconf 93' lang='grc'><em>.</em></span> <span class='ocrx_word' id='word_1_162' title='bbox 872 1545 1146 1603; x_wconf 77' lang='grc' dir='ltr'><em>ὑπομείνασι.</em></span> <span class='ocrx_word' id='word_1_163' title='bbox 1203 1549 1256 1592; x_wconf 90' lang='lat' dir='ltr'>V.</span> <span class='ocrx_word' id='word_1_164' title='bbox 1296 1549 1444 1601; x_wconf 85' lang='lat' dir='ltr'>Pelop.</span> <span class='ocrx_word' id='word_1_165' title='bbox 1484 1560 1521 1591; x_wconf 83' lang='lat' dir='ltr'>c.</span> <span class='ocrx_word' id='word_1_166' title='bbox 1556 1551 1624 1591; x_wconf 89' lang='lat'>30.</span> 
     </span>
     <span class='ocr_line' id='line_1_20' title="bbox 72 1618 1626 1680; baseline -0.001 -14"><span class='ocrx_word' id='word_1_167' title='bbox 72 1620 224 1675; x_wconf 89' lang='grc' dir='ltr'><em>πάθος</em></span> <span class='ocrx_word' id='word_1_168' title='bbox 252 1621 481 1680; x_wconf 79' lang='grc' dir='ltr'><em>βασιλικὸν</em></span> <span class='ocrx_word' id='word_1_169' title='bbox 511 1621 686 1667; x_wconf 90' lang='grc' dir='ltr'><em>παθών.</em></span> <span class='ocrx_word' id='word_1_170' title='bbox 739 1625 791 1668; x_wconf 92' lang='lat' dir='ltr'>V.</span> <span class='ocrx_word' id='word_1_171' title='bbox 827 1624 978 1669; x_wconf 85' lang='lat' dir='ltr'>Timol.</span> <span class='ocrx_word' id='word_1_172' title='bbox 1015 1637 1050 1668; x_wconf 86' lang='lat' dir='ltr'>c.</span> <span class='ocrx_word' id='word_1_173' title='bbox 1087 1627 1155 1667; x_wconf 82' lang='lat'>22.</span> <span class='ocrx_word' id='word_1_174' title='bbox 1201 1618 1276 1667; x_wconf 80' lang='grc' dir='ltr'>οὒκ</span> <span class='ocrx_word' id='word_1_175' title='bbox 1312 1620 1464 1666; x_wconf 69' lang='grc' dir='ltr'><em>ἔπαθε.</em></span> <span class='ocrx_word' id='word_1_176' title='bbox 1489 1621 1626 1666; x_wconf 81' lang='grc' dir='ltr'><em>Δίωνι</em></span> 
     </span>
     <span class='ocr_line' id='line_1_21' title="bbox 71 1693 1290 1754; baseline 0 -13"><span class='ocrx_word' id='word_1_177' title='bbox 71 1693 202 1742; x_wconf 77' lang='grc' dir='ltr'>ταύτὸ</span> <span class='ocrx_word' id='word_1_178' title='bbox 233 1695 398 1750; x_wconf 86' lang='grc' dir='ltr'><em>πάθος.</em></span> <span class='ocrx_word' id='word_1_179' title='bbox 463 1702 561 1754; x_wconf 82' lang='lat'>982,</span> <span class='ocrx_word' id='word_1_180' title='bbox 594 1701 646 1743; x_wconf 90' lang='grc' dir='ltr'>Ε.</span> <span class='ocrx_word' id='word_1_181' title='bbox 688 1696 840 1750; x_wconf 88' lang='grc' dir='ltr'><em>πάθος</em></span> <span class='ocrx_word' id='word_1_182' title='bbox 869 1695 1036 1743; x_wconf 68' lang='grc' dir='ltr'><em>ἄτοπον</em></span> <span class='ocrx_word' id='word_1_183' title='bbox 1067 1698 1290 1743; x_wconf 81' lang='grc' dir='ltr'><em>πέπονθα.</em></span> 
     </span>
    </p>

    <p class='ocr_par' dir='ltr' id='par_1_4' title="bbox 188 1773 1096 1832">
     <span class='ocr_line' id='line_1_22' title="bbox 188 1773 1096 1832; baseline 0 -14"><span class='ocrx_word' id='word_1_184' title='bbox 188 1775 299 1818; x_wconf 88' lang='lat' dir='ltr'>Ibid.</span> <span class='ocrx_word' id='word_1_185' title='bbox 330 1775 441 1819; x_wconf 91' lang='lat' dir='ltr'>XVI</span> <span class='ocrx_word' id='word_1_186' title='bbox 471 1776 590 1831; x_wconf 85' lang='lat'>(915,</span> <span class='ocrx_word' id='word_1_187' title='bbox 622 1776 692 1829; x_wconf 89' lang='lat' dir='ltr'>E).</span> <span class='ocrx_word' id='word_1_188' title='bbox 733 1773 805 1818; x_wconf 77' lang='grc' dir='ltr'>διὰ</span> <span class='ocrx_word' id='word_1_189' title='bbox 839 1773 884 1818; x_wconf 85' lang='grc' dir='ltr'>τί</span> <span class='ocrx_word' id='word_1_190' title='bbox 913 1774 1096 1832; x_wconf 84' lang='grc' dir='ltr'><em>λέγεται·</em></span> 
     </span>
    </p>

    <p class='ocr_par' dir='ltr' id='par_1_5' title="bbox 67 1847 1623 2137">
     <span class='ocr_line' id='line_1_23' title="bbox 188 1847 1620 1909; baseline 0.002 -16"><span class='ocrx_word' id='word_1_191' title='bbox 188 1853 317 1894; x_wconf 78' lang='grc' dir='ltr'><em>Σῖτον</em></span> <span class='ocrx_word' id='word_1_192' title='bbox 347 1849 390 1892; x_wconf 81' lang='grc' dir='ltr'>ἕν</span> <span class='ocrx_word' id='word_1_193' title='bbox 420 1851 548 1908; x_wconf 78' lang='grc' dir='ltr'><em>πηλῷ</em></span> <span class='ocrx_word' id='word_1_194' title='bbox 579 1847 786 1908; x_wconf 78' lang='grc' dir='ltr'><em>φυτεύετε,</em></span> <span class='ocrx_word' id='word_1_195' title='bbox 824 1849 901 1908; x_wconf 84' lang='grc' dir='ltr'>τὴν</span> <span class='ocrx_word' id='word_1_196' title='bbox 931 1850 979 1894; x_wconf 80' lang='grc' dir='ltr'>δὲ</span> <span class='ocrx_word' id='word_1_197' title='bbox 1014 1849 1171 1909; x_wconf 81' lang='grc' dir='ltr'><em>κριθὴν</em></span> <span class='ocrx_word' id='word_1_198' title='bbox 1207 1849 1250 1893; x_wconf 76' lang='grc' dir='ltr'>ἐν</span> <span class='ocrx_word' id='word_1_199' title='bbox 1285 1847 1412 1894; x_wconf 88' lang='grc' dir='ltr'><em>κόνει.</em></span> <span class='ocrx_word' id='word_1_200' title='bbox 1473 1852 1620 1896; x_wconf 81' lang='lat' dir='ltr'>HerW.</span> 
     </span>
     <span class='ocr_line' id='line_1_24' title="bbox 72 1922 1623 1984; baseline 0.001 -15"><span class='ocrx_word' id='word_1_201' title='bbox 72 1926 256 1980; x_wconf 83' lang='lat' dir='ltr'>corrigit</span> <span class='ocrx_word' id='word_1_202' title='bbox 286 1922 447 1982; x_wconf 74' lang='grc' dir='ltr'><em>φύτευε.</em></span> <span class='ocrx_word' id='word_1_203' title='bbox 509 1927 604 1969; x_wconf 83' lang='lat' dir='ltr'>Hoc</span> <span class='ocrx_word' id='word_1_204' title='bbox 634 1930 781 1970; x_wconf 86' lang='lat' dir='ltr'>autem</span> <span class='ocrx_word' id='word_1_205' title='bbox 811 1927 884 1970; x_wconf 83' lang='lat' dir='ltr'>vel</span> <span class='ocrx_word' id='word_1_206' title='bbox 922 1923 1112 1984; x_wconf 78' lang='grc' dir='ltr'><em>φυτεύειν</em></span> <span class='ocrx_word' id='word_1_207' title='bbox 1150 1926 1287 1980; x_wconf 84' lang='lat' dir='ltr'>ipsius</span> <span class='ocrx_word' id='word_1_208' title='bbox 1324 1926 1453 1970; x_wconf 87' lang='lat' dir='ltr'>metri</span> <span class='ocrx_word' id='word_1_209' title='bbox 1490 1940 1623 1971; x_wconf 85' lang='lat' dir='ltr'><strong>causa</strong></span> 
     </span>
     <span class='ocr_line' id='line_1_25' title="bbox 67 2002 1619 2059; baseline 0 -12"><span class='ocrx_word' id='word_1_210' title='bbox 67 2002 360 2058; x_wconf 88' lang='lat' dir='ltr'>reponendum</span> <span class='ocrx_word' id='word_1_211' title='bbox 398 2015 495 2046; x_wconf 85' lang='lat' dir='ltr'>esse</span> <span class='ocrx_word' id='word_1_212' title='bbox 537 2002 624 2046; x_wconf 89' lang='lat' dir='ltr'>iam</span> <span class='ocrx_word' id='word_1_213' title='bbox 661 2003 917 2047; x_wconf 80' lang='lat' dir='ltr'>Doehnerus</span> <span class='ocrx_word' id='word_1_214' title='bbox 931 2003 997 2058; x_wconf 88' lang='lat'>**)</span> <span class='ocrx_word' id='word_1_215' title='bbox 1035 2002 1268 2059; x_wconf 77' lang='lat' dir='ltr'>intellexit,</span> <span class='ocrx_word' id='word_1_216' title='bbox 1314 2003 1388 2057; x_wconf 92' lang='lat' dir='ltr'>qui</span> <span class='ocrx_word' id='word_1_217' title='bbox 1424 2003 1619 2058; x_wconf 83' lang='lat' dir='ltr'>praefert</span> 
     </span>
     <span class='ocr_line' id='line_1_26' title="bbox 67 2076 1620 2137; baseline 0.001 -16"><span class='ocrx_word' id='word_1_218' title='bbox 67 2076 271 2137; x_wconf 70' lang='grc' dir='ltr'><em>φυτεύειν,</em></span> <span class='ocrx_word' id='word_1_219' title='bbox 304 2079 418 2131; x_wconf 89' lang='lat' dir='ltr'>quod</span> <span class='ocrx_word' id='word_1_220' title='bbox 450 2080 558 2122; x_wconf 86' lang='lat' dir='ltr'>haec</span> <span class='ocrx_word' id='word_1_221' title='bbox 589 2079 727 2122; x_wconf 87' lang='lat' dir='ltr'><strong>forma</strong></span> <span class='ocrx_word' id='word_1_222' title='bbox 747 2080 794 2122; x_wconf 91' lang='lat' dir='ltr'>in</span> <span class='ocrx_word' id='word_1_223' title='bbox 816 2079 977 2123; x_wconf 83' lang='lat' dir='ltr'>talibus</span> <span class='ocrx_word' id='word_1_224' title='bbox 1000 2076 1247 2133; x_wconf 82' lang='lat' dir='ltr'>praeceptis</span> <span class='ocrx_word' id='word_1_225' title='bbox 1269 2082 1365 2122; x_wconf 89' lang='lat' dir='ltr'>erat</span> <span class='ocrx_word' id='word_1_226' title='bbox 1387 2079 1620 2123; x_wconf 79' lang='lat' dir='ltr'>sollemnis.</span> 
     </span>
    </p>

    <p class='ocr_par' dir='ltr' id='par_1_6' title="bbox 65 2154 1622 2594">
     <span class='ocr_line' id='line_1_27' title="bbox 183 2154 1620 2210; baseline 0 -12"><span class='ocrx_word' id='word_1_227' title='bbox 183 2156 237 2198; x_wconf 91' lang='lat' dir='ltr'>In</span> <span class='ocrx_word' id='word_1_228' title='bbox 264 2158 432 2208; x_wconf 86' lang='lat' dir='ltr'>quaest.</span> <span class='ocrx_word' id='word_1_229' title='bbox 457 2159 547 2198; x_wconf 89' lang='lat' dir='ltr'>nat.</span> <span class='ocrx_word' id='word_1_230' title='bbox 569 2155 784 2210; x_wconf 85' lang='lat' dir='ltr'>XXVIII,</span> <span class='ocrx_word' id='word_1_231' title='bbox 826 2168 911 2209; x_wconf 91' lang='lat' dir='ltr'>qua</span> <span class='ocrx_word' id='word_1_232' title='bbox 932 2155 1171 2210; x_wconf 88' lang='lat' dir='ltr'>quaeritur,</span> <span class='ocrx_word' id='word_1_233' title='bbox 1200 2168 1278 2198; x_wconf 85' lang='lat' dir='ltr'>eur</span> <span class='ocrx_word' id='word_1_234' title='bbox 1297 2167 1427 2198; x_wconf 79' lang='lat' dir='ltr'><strong>ursus</strong></span> <span class='ocrx_word' id='word_1_235' title='bbox 1447 2154 1620 2198; x_wconf 90' lang='lat' dir='ltr'>minime</span> 
     </span>
     <span class='ocr_line' id='line_1_28' title="bbox 67 2230 1622 2286; baseline 0.001 -13"><span class='ocrx_word' id='word_1_236' title='bbox 67 2231 253 2274; x_wconf 89' lang='lat' dir='ltr'>omnium</span> <span class='ocrx_word' id='word_1_237' title='bbox 284 2231 475 2274; x_wconf 86' lang='lat' dir='ltr'>ferarum</span> <span class='ocrx_word' id='word_1_238' title='bbox 506 2230 621 2273; x_wconf 89' lang='lat' dir='ltr'>retia</span> <span class='ocrx_word' id='word_1_239' title='bbox 653 2232 863 2286; x_wconf 82' lang='lat' dir='ltr'>corrodat,</span> <span class='ocrx_word' id='word_1_240' title='bbox 897 2234 1092 2274; x_wconf 87' lang='lat' dir='ltr'>extrema</span> <span class='ocrx_word' id='word_1_241' title='bbox 1113 2231 1250 2274; x_wconf 87' lang='lat' dir='ltr'>verba</span> <span class='ocrx_word' id='word_1_242' title='bbox 1282 2232 1399 2286; x_wconf 87' lang='grc'>(919,</span> <span class='ocrx_word' id='word_1_243' title='bbox 1425 2231 1482 2284; x_wconf 89' lang='grc' dir='ltr'>Α)</span> <span class='ocrx_word' id='word_1_244' title='bbox 1513 2231 1622 2274; x_wconf 84' lang='lat' dir='ltr'>haec</span> 
     </span>
     <span class='ocr_line' id='line_1_29' title="bbox 68 2296 1622 2365; baseline -0.001 -15"><span class='ocrx_word' id='word_1_245' title='bbox 68 2310 189 2350; x_wconf 86' lang='lat' dir='ltr'>sunt:</span> <span class='ocrx_word' id='word_1_246' title='bbox 222 2300 388 2357; x_wconf 73' lang='grc' dir='ltr'><em>οὐδενὸς</em></span> <span class='ocrx_word' id='word_1_247' title='bbox 420 2306 483 2349; x_wconf 84' lang='grc' dir='ltr'>δὲ·</span> <span class='ocrx_word' id='word_1_248' title='bbox 499 2296 626 2363; x_wconf 77' lang='grc' dir='ltr'><em>ἧττον</em></span> <span class='ocrx_word' id='word_1_249' title='bbox 656 2301 761 2363; x_wconf 74' lang='grc' dir='ltr'><em>αὐτῇ</em></span> <span class='ocrx_word' id='word_1_250' title='bbox 790 2309 1027 2365; x_wconf 81' lang='grc' dir='ltr'><em>βοηθοῦσιν</em></span> <span class='ocrx_word' id='word_1_251' title='bbox 1057 2304 1103 2350; x_wconf 75' lang='grc' dir='ltr'>αἱ</span> <span class='ocrx_word' id='word_1_252' title='bbox 1130 2303 1519 2364; x_wconf 82' lang='grc' dir='ltr'><em>περικαλινδὴσεις·</em></span> <span class='ocrx_word' id='word_1_253' title='bbox 1550 2305 1622 2350; x_wconf 84' lang='grc' dir='ltr'><em>,διὸ</em></span> 
     </span>
     <span class='ocr_line' id='line_1_30' title="bbox 65 2378 1622 2442; baseline -0.001 -17"><span class='ocrx_word' id='word_1_254' title='bbox 65 2383 232 2438; x_wconf 84' lang='grc' dir='ltr'><em>μᾶλλον</em></span> <span class='ocrx_word' id='word_1_255' title='bbox 260 2378 289 2440; x_wconf 74' lang='grc' dir='ltr'>ἢ</span> <span class='ocrx_word' id='word_1_256' title='bbox 319 2382 516 2425; x_wconf 79' lang='grc' dir='ltr'><em>διασπᾶν</em></span> <span class='ocrx_word' id='word_1_257' title='bbox 534 2380 588 2424; x_wconf 78' lang='grc' dir='ltr'>τὰ</span> <span class='ocrx_word' id='word_1_258' title='bbox 613 2380 710 2425; x_wconf 89' lang='grc' dir='ltr'><em>λίνα</em></span> <span class='ocrx_word' id='word_1_259' title='bbox 732 2379 1125 2442; x_wconf 82' lang='grc' dir='ltr'><em>πραγματευόμενη,</em></span> <span class='ocrx_word' id='word_1_260' title='bbox 1158 2378 1371 2434; x_wconf 80' lang='grc' dir='ltr'><em>πολλάκις</em></span> <span class='ocrx_word' id='word_1_261' title='bbox 1391 2380 1622 2440; x_wconf 76' lang='grc' dir='ltr'><em>ε’κκυβιστᾷ</em></span> 
     </span>
     <span class='ocr_line' id='line_1_31' title="bbox 66 2453 1621 2516; baseline -0.001 -14"><span class='ocrx_word' id='word_1_262' title='bbox 66 2457 144 2502; x_wconf 79' lang='grc' dir='ltr'>καὶ</span> <span class='ocrx_word' id='word_1_263' title='bbox 182 2455 394 2511; x_wconf 81' lang='grc' dir='ltr'><em>σώζεται,“</em></span> <span class='ocrx_word' id='word_1_264' title='bbox 416 2459 459 2482; x_wconf 69' lang='grc'>**</span> <span class='ocrx_word' id='word_1_265' title='bbox 496 2453 587 2515; x_wconf 81' lang='grc' dir='ltr'>άμὴ</span> <span class='ocrx_word' id='word_1_266' title='bbox 626 2457 702 2501; x_wconf 79' lang='grc' dir='ltr'>καὶ</span> <span class='ocrx_word' id='word_1_267' title='bbox 741 2457 832 2502; x_wconf 81' lang='grc' dir='ltr'><em>δέοι</em></span> <span class='ocrx_word' id='word_1_268' title='bbox 868 2456 895 2516; x_wconf 82' lang='grc' dir='ltr'><em>ἡ</em></span> <span class='ocrx_word' id='word_1_269' title='bbox 932 2461 1016 2501; x_wconf 85' lang='grc' dir='ltr'>τῶν</span> <span class='ocrx_word' id='word_1_270' title='bbox 1051 2453 1247 2502; x_wconf 83' lang='grc' dir='ltr'><em>ὀδόντων.</em></span> <span class='ocrx_word' id='word_1_271' title='bbox 1317 2458 1438 2512; x_wconf 80' lang='lat' dir='ltr'>Quae</span> <span class='ocrx_word' id='word_1_272' title='bbox 1483 2458 1621 2501; x_wconf 86' lang='lat' dir='ltr'>verba</span> 
     </span>
     <span class='ocr_line' id='line_1_32' title="bbox 69 2531 1621 2594; baseline -0.002 -15"><span class='ocrx_word' id='word_1_273' title='bbox 69 2535 219 2579; x_wconf 82' lang='lat' dir='ltr'>HerW.</span> <span class='ocrx_word' id='word_1_274' title='bbox 253 2534 318 2578; x_wconf 85' lang='lat' dir='ltr'>ita</span> <span class='ocrx_word' id='word_1_275' title='bbox 350 2534 550 2590; x_wconf 83' lang='lat' dir='ltr'>corrigit:</span> <span class='ocrx_word' id='word_1_276' title='bbox 590 2532 659 2578; x_wconf 88' lang='grc' dir='ltr'>διὸ</span> <span class='ocrx_word' id='word_1_277' title='bbox 695 2535 861 2590; x_wconf 77' lang='grc' dir='ltr'><em>μᾶλλον</em></span> <span class='ocrx_word' id='word_1_278' title='bbox 895 2531 923 2594; x_wconf 82' lang='grc' dir='ltr'>ἢ</span> <span class='ocrx_word' id='word_1_279' title='bbox 960 2536 1155 2579; x_wconf 81' lang='grc' dir='ltr'><em>διασπᾶν</em></span> <span class='ocrx_word' id='word_1_280' title='bbox 1191 2532 1246 2577; x_wconf 83' lang='grc' dir='ltr'>τὰ</span> <span class='ocrx_word' id='word_1_281' title='bbox 1284 2533 1380 2578; x_wconf 90' lang='grc' dir='ltr'><em>λίνα</em></span> <span class='ocrx_word' id='word_1_282' title='bbox 1417 2550 1621 2592; x_wconf 80' lang='grc' dir='ltr'><em>πραγμα-</em></span> 
     </span>
    </p>
   </div>
   <div class='ocr_carea' id='block_1_3' title="bbox 66 2612 350 2619">
    <p class='ocr_par' dir='ltr' id='par_1_7' title="bbox 66 2612 350 2619">
     <span class='ocr_line' id='line_1_33' title="bbox 66 2612 350 2619; baseline 0 423"><span class='ocrx_word' id='word_1_283' title='bbox 66 2612 350 2619; x_wconf 95' lang='lat' dir='ltr'> </span> 
     </span>
    </p>
   </div>
   <div class='ocr_carea' id='block_1_4' title="bbox 162 2640 745 2745">
    <p class='ocr_par' dir='ltr' id='par_1_8' title="bbox 162 2640 745 2745">
     <span class='ocr_line' id='line_1_34' title="bbox 183 2640 745 2685; baseline 0.002 -10"><span class='ocrx_word' id='word_1_284' title='bbox 183 2640 217 2684; x_wconf 80' lang='grc'>*)</span> <span class='ocrx_word' id='word_1_285' title='bbox 242 2640 386 2684; x_wconf 84' lang='lat' dir='ltr'>Quaest.</span> <span class='ocrx_word' id='word_1_286' title='bbox 412 2640 508 2676; x_wconf 92' lang='lat' dir='ltr'>Plut.</span> <span class='ocrx_word' id='word_1_287' title='bbox 534 2640 604 2676; x_wconf 90' lang='lat' dir='ltr'>III.</span> <span class='ocrx_word' id='word_1_288' title='bbox 629 2651 662 2685; x_wconf 93' lang='lat' dir='ltr'>p.</span> <span class='ocrx_word' id='word_1_289' title='bbox 689 2643 745 2676; x_wconf 84' lang='lat'>22.</span> 
     </span>
     <span class='ocr_line' id='line_1_35' title="bbox 162 2698 724 2745; baseline 0.002 -10"><span class='ocrx_word' id='word_1_290' title='bbox 162 2699 215 2744; x_wconf 73' lang='lat'>**)</span> <span class='ocrx_word' id='word_1_291' title='bbox 240 2698 385 2744; x_wconf 77' lang='lat' dir='ltr'>Quaest.</span> <span class='ocrx_word' id='word_1_292' title='bbox 410 2699 507 2738; x_wconf 87' lang='lat' dir='ltr'>Plut.</span> <span class='ocrx_word' id='word_1_293' title='bbox 533 2699 581 2736; x_wconf 91' lang='grc' dir='ltr'>ΙΙ.</span> <span class='ocrx_word' id='word_1_294' title='bbox 607 2710 641 2745; x_wconf 87' lang='lat' dir='ltr'>p.</span> <span class='ocrx_word' id='word_1_295' title='bbox 671 2703 724 2736; x_wconf 87' lang='grc'>19.</span> 
     </span>
    </p>
   </div>
  </div>
 </body>
</html>
