1751 3042
843 116 897 159 13

91 273 180 317 της.
241 256 303 301 Et
331 255 410 301 has
441 255 600 302 formas
632 253 872 317 (ἑπταέτης,
911 254 1190 317 δωδεκαέτης)
1227 244 1344 302 Ιίαιιᾱ
1369 245 1480 301 ‘raro
1511 256 1643 302 habet

90 337 251 376 noster.
313 334 434 388 Ergo
465 335 577 377 hanc
609 334 890 377 sententiam:
934 347 1078 389 „puer,
1117 347 1212 376 cum
1243 334 1468 378 duodecim
1503 347 1642 377 annos

90 412 221 454 natus
253 413 385 466 esset,
417 414 611 455 mortuus
643 411 736 454 est“
782 411 896 465 apud
926 411 1210 458 Plutarchum
1242 411 1305 455 sic
1337 411 1544 466 scriptam
1575 410 1640 454 in-

90 484 264 543 venias:
303 487 413 537 παῖς
443 482 609 529 δώδεκα
639 482 720 545 ἔτη
744 482 920 543 γεγονώς
957 488 1060 542 (uno
1091 487 1184 530 loco
1216 486 1402 531 ordinali
1432 487 1545 540 quod
1575 487 1639 530 di-

92 564 196 606 cunt
221 575 396 606 numero
417 562 570 619 utitur,
591 575 634 608 v.
657 563 811 607 Artax.
835 576 872 606 c.
897 565 966 607 26.
999 560 1287 622 πεντηκοστὸν
1312 560 1406 615 ἔτος
1425 560 1638 621 γεγονότα)

91 633 304 691 α’πέθανε,
342 642 439 682 aut:
484 640 594 690 παῖς
630 637 896 698 δωδεκαέτης
931 633 1145 692 ἀπέθανε,
1190 642 1286 683 aut:
1330 642 1439 690 παῖς
1455 636 1638 682 ’δώδεκα

91 713 194 760 ἐτῶν
224 708 437 758 ἀπέθανε.

205 791 317 835 Ibid.
349 791 507 835 XVIII
539 793 656 848 (793,
688 791 761 847 A).
801 791 934 835 ἐκεῖνο
965 793 1194 847 σκοπῶμεν
1230 787 1311 851 ἤδη
1348 791 1425 836 καὶ
1462 793 1637 850 φιλοσο-

90 869 248 924 (Ῑῶμεν,
287 865 407 918 ὅπως
436 867 570 926 μηδὲν
600 862 799 925 ἀπρεπὲς
827 867 940 926 μηδὲ
975 866 1083 925 βαρὺ
1119 871 1179 924 τῷ
1216 865 1322 926 γήρᾳ
1359 865 1639 925 προσάξωμεν

89 937 328 1001 α’γώνισμα.
395 944 736 989 Herwerdenus:
795 944 955 1000 „Turpi
1003 944 1271 1003 barbarismo
1313 944 1477 1000 legitur
1518 941 1638 996 ὅπως

89 1016 370 1076 προσάξωμεν
398 1032 476 1074 pro
507 1017 815 1078 προσάξομεν.“
866 1020 952 1064 Sed
983 1020 1284 1064 coniunctivus
1315 1020 1390 1064 ille
1420 1027 1500 1064 uec
1520 1021 1638 1075 apud

89 1095 199 1139 alios
242 1095 477 1151 scriptores
519 1109 600 1140 nec
648 1097 761 1151 apud
800 1097 1080 1141 Plutarchum
1125 1097 1265 1141 falsus
1305 1096 1483 1141 videtur
1524 1110 1636 1142 esse.

90 1171 154 1216 Cf.
177 1185 247 1225 qu.
272 1185 395 1216 conv.
417 1173 519 1229 VII,
543 1176 583 1229 8,
606 1176 634 1216 4
664 1174 781 1229 (713,
813 1174 884 1229 D).
920 1170 1061 1228 μόνον,
1093 1170 1210 1232 ἔφην,
1243 1175 1482 1228 σκοπῶμεν,
1515 1171 1637 1225 ὅπως

90 1245 337 1303 συμπόταις
359 1282 369 1292 .
394 1282 403 1292 .
428 1282 438 1292 .
469 1248 603 1308 μηδὲν
633 1246 856 1305 ἑπάξωμεν
885 1251 1088 1293 τοιοῦτον.
1135 1253 1234 1305 807,
1256 1250 1310 1294 D.
1342 1244 1390 1293 οὗ
1421 1250 1486 1292 δεῖ
1517 1265 1638 1293 συνο-

89 1323 331 1368 λισθαίνειν
352 1358 362 1368 .
386 1358 396 1368 .
412 1359 422 1379 ,
461 1320 572 1368 ἀλλὰ
615 1324 848 1384 προσέχειν,
897 1322 1017 1377 ὅπως
1055 1320 1157 1385 μηδ’
1199 1320 1459 1383 ἀγνοούντων
1499 1319 1637 1369 αὐτῶν

89 1398 425 1458 ἐξαμαρτάνωσι.
473 1405 572 1458 824,
604 1404 654 1446 Β.
692 1398 918 1460 κράτιστον
949 1401 997 1445 δὲ
1028 1405 1233 1459 προνοεῖν,
1267 1399 1386 1453 ὅπως
1414 1401 1648 1461 μηδέποτε·

90 1474 368 1532 στασιάζωσι.

204 1554 315 1599 Ibid.
337 1556 492 1599 XXIV
514 1557 630 1611 (796,
662 1556 734 1610 A).
766 1554 939 1613 φοβεροὶ
960 1554 1040 1610 μὲν
1060 1551 1175 1607 ὄντες
1194 1559 1286 1607 τοῖς
1304 1552 1632 1614 ἁμαρτάνουσιν,

88 1627 139 1672 αἶ
150 1629 321 1674 δεστοὶ
368 1630 417 1674 δὲ
461 1634 552 1682 τοῖς
595 1625 799 1688 α’γαθοῖς·
828 1630 904 1675 καὶ
946 1629 1160 1675 ποθεινοί.
1221 1632 1370 1676 HerW.
1415 1632 1633 1676 scribendi

87 1720 212 1750 usum
248 1708 471 1761 postulare
509 1705 734 1762 αἰδέσιμος
769 1708 889 1751 dicit.
952 1709 1185 1752 Cuiusnam
1224 1712 1358 1752 usus?
1408 1709 1635 1752 Plutarchi

87 1785 206 1827 certe
236 1796 341 1828 usus
371 1783 513 1839 magis
533 1785 727 1838 postulat
746 1780 954 1836 αἰδεστός.
1001 1785 1110 1828 Nam
1131 1780 1355 1839 αἰδέσιμος
1373 1784 1489 1839 apud
1510 1784 1632 1829 illum

86 1859 251 1902 frustra
282 1872 480 1916 quaeraS,
513 1872 609 1903 cum
640 1856 837 1911 αἰδεστὸς
865 1860 912 1902 in
943 1860 1052 1903 libro
1083 1860 1135 1903 de
1165 1860 1281 1903 adul.
1314 1863 1360 1903 et
1392 1872 1475 1904 am.
1509 1873 1545 1904 c.
1576 1863 1631 1904 26

88 1938 176 1991 (67,
198 1937 252 1989 Β)
284 1939 503 1979 occurrat:
536 1933 733 1979 αἰδεστόν
763 1935 854 1979 ἐστι
884 1935 960 1979 καὶ
991 1933 1142 1990 σεμνὸν
1170 1935 1246 1978 καὶ
1276 1930 1629 1992 ἀναντίβλεπτον.

203 2013 354 2056 Praec.
389 2025 480 2067 ger.
502 2012 610 2066 reip.
633 2011 680 2055 II
710 2014 827 2066 (798,
859 2006 931 2066 D).
969 2010 1126 2054 πολλοὶ
1157 2005 1196 2054 δ’
1229 2005 1322 2055 ἀπὸ
1352 2008 1478 2070 τύχης
1505 2008 1633 2070 ἁψά-

85 2101 204 2141 μενοι
234 2090 318 2130 τῶν
347 2090 497 2131 κοινῶν
524 2086 600 2131 καὶ
631 2082 1050 2146 ἀναπλησθέντες
1080 2081 1220 2130 οὐκέτι
1241 2085 1399 2145 ῥᾳδίως
1418 2081 1633 2131 α’πελθεῖν

87 2159 299 2206 δύνανται.
361 2164 408 2207 Si
437 2167 558 2207 recte
588 2164 737 2206 HerW.
769 2157 1122 2221 ἀναπλησθέντες
1159 2163 1347 2206 mutavit
1381 2163 1427 2206 in
1464 2162 1634 2222 ε’μπλη-

85 2236 274 2296 σθέντες,
306 2241 419 2293 quod
448 2239 575 2284 huius
606 2240 692 2284 loci
722 2239 782 2284 sit
816 2239 1023 2295 „saturi“,
1055 2239 1096 2283 ei
1125 2240 1320 2283 hocloco
1348 2241 1406 2295 (p.
1430 2241 1529 2296 694,
1551 2240 1629 2295 D):

86 2311 153 2358 ὅτι
192 2312 246 2358 τὰ
288 2318 372 2359 τῶν
413 2314 706 2375 πρεσβυτέρων
748 2312 1058 2375 ἐπιχειρήματα
1101 2313 1197 2367 τοὺς
1237 2314 1316 2371 μὲν
1357 2309 1512 2374 ἀργοὺς
1553 2315 1631 2361 καὶ

84 2384 237 2447 ἀφυεῖς
267 2385 356 2435 οἷον
382 2387 598 2439 ἀναπαύει
618 2391 694 2435 καὶ
715 2386 1040 2450 ἀναπίμπλησι,
1073 2393 1223 2436 eadem
1242 2392 1484 2436 mutatione
1505 2395 1630 2437 uten-

85 2466 185 2509 dum
230 2470 312 2511 est.
381 2468 683 2523 Quaerendum
727 2471 874 2512 tamen
919 2468 1024 2511 mihi
1065 2467 1252 2523 videtur,
1307 2480 1449 2512 nonne
1493 2469 1633 2513 verba

84 2535 437 2601 ἀναπλησθέντες
458 2546 542 2588 τῶν
561 2546 710 2588 κοινῶν
735 2544 800 2588 ita
820 2544 1032 2596 vertenda
1053 2544 1160 2588 sint:
1193 2544 1338 2588 obruti
1368 2544 1481 2601 (sive
1501 2545 1631 2600 plane

82 2616 311 2674 implicati)
342 2621 529 2674 publicis
559 2621 762 2677 negotiis,
794 2624 843 2664 ut
873 2622 1054 2665 verbum
1081 2615 1434 2679 ἀναπλησθέντες
1454 2635 1631 2666 causam

47 2732 50 2736 .
81 2692 258 2751 indicet,
291 2708 368 2740 cur
397 2711 481 2741 non
511 2698 597 2741 iam
628 2698 798 2752 possint
829 2697 1065 2741 discedere.
1117 2696 1279 2741 Similis
1311 2701 1380 2741 est
1411 2698 1630 2743 sententia
