1751 3042
842 122 870 163 4

78 253 280 316 εὐθύμως
321 261 586 319 φιλοσοφεῖν.
649 260 1017 316 wyttenbachius
1061 274 1147 305 non
1190 260 1370 306 offendit
1411 260 1458 305 in
1499 261 1635 305 verbo

78 331 272 396 ἀφιέναι,
317 338 394 381 sed
432 338 569 381 solum
604 333 737 395 μύθῳ
781 337 826 381 in
862 338 979 382 hunc
1017 338 1158 382 locum
1203 351 1443 394 congruere
1485 341 1635 394 negat.

80 414 144 458 Et
180 414 328 458 verbis
365 408 591 472 α’φὴσομεν
626 407 779 465 αὐτούς
814 413 860 457 in
898 414 1183 468 sequentibus
1219 415 1373 459 melius
1403 414 1639 470 respondet

78 503 226 535 accus.
264 486 539 547 κεραννύντας
574 503 704 543 quam
740 489 858 533 illius
897 490 1060 534 dativo.
1120 485 1318 548 ᾍφιέναι
1354 487 1450 534 τινά
1488 494 1636 535 autem

80 569 290 621 sequente
320 565 537 610 infinitivo
570 565 744 621 saepius
775 565 926 611 inveni
956 566 1073 622 apud
1093 567 1389 613 Plutarchum.
1438 567 1502 612 Of.
1523 567 1633 612 Mor.

80 646 181 697 820,
215 644 268 686 D.
301 640 398 692 τοὺς
417 642 595 692 παῖδας
631 636 810 699 ἆφιέναι
848 641 1021 695 παίζειν
1055 642 1133 685 καὶ
1171 639 1388 696 σχολάζειν
1424 637 1516 685 ἀπὸ
1553 643 1637 684 τῶν

78 714 369 777 μαθημάτων.
430 717 522 762 Vit.
550 717 724 762 Romuli
751 731 787 763 c.
818 721 887 763 25.
918 713 1049 776 οἷφεὶς
1081 716 1248 777 φεύγειν
1280 716 1378 770 τοὺς
1409 714 1637 776 περιόντας

74 791 298 848 Ῥωμύλος.
360 793 450 837 Vit.
490 794 616 838 Galb.
658 807 694 838 c.
738 797 807 838 25.
847 791 869 837 ὃ
905 792 982 852 τὴν
1018 793 1213 853 φυλακὴν
1248 792 1352 849 ἔχων
1388 795 1462 838 τοῦ
1507 808 1636 852 στρα-

78 868 265 913 τοπέδου
293 863 460 927 ἀφῆκεν
490 872 571 924 (sc.
605 865 773 925 αὐτούς)
805 868 1031 914 εἰσελθεῖν.
1093 871 1208 926 Quid
1239 871 1352 925 quod
1383 860 1444 914 in·
1465 873 1634 923 quaest.

79 947 200 991 Rom.
233 959 268 991 c.
300 949 359 990 -78
391 944 450 1003 (15.
485 950 584 1003 282,
617 947 674 1003 D)
706 948 971 992 Plutarchus
1002 947 1097 1003 ipse
1129 948 1295 992 diserte
1325 947 1433 992 dicit
1462 941 1639 1006 ἐφεῖναι

80 1024 193 1067 idem
233 1023 484 1079 significare
522 1024 636 1077 quod
673 1024 838 1068 sinere:
885 1022 935 1068 τὸ
979 1019 1019 1068 δ’
1021 1019 1199 1083 α’φεῖναι
1241 1022 1388 1082 σίνερε,
1431 1022 1509 1067 καὶ
1551 1021 1640 1066 σίνε

79 1099 284 1157 λέγουσιν,
318 1097 421 1144 ὅταν
446 1095 623 1159 ἅφεῖναι
648 1102 950 1159 παρακαλῶσι.
998 1102 1146 1146 Etiam
1167 1102 1213 1146 in
1235 1101 1468 1145 subditicio
1488 1100 1638 1144 libello

80 1177 300 1231 Apophth.
332 1177 438 1221 Lac.
470 1190 512 1232 p.
546 1180 646 1234 218,
679 1179 719 1221 A
750 1178 978 1234 leguntur:
1016 1171 1261 1222 τούναντίον
1297 1175 1380 1235 γὰρ
1416 1173 1501 1220 ἔδει
1537 1172 1639 1234 ὅλην

83 1247 215 1311 αὐτὴν
246 1254 325 1309 (sc.
358 1251 435 1311 τὴν
464 1252 707 1311 τυραννίδα)
740 1248 917 1312 ἀφεῖναι
947 1256 1235 1312 κατακαῆναι.

202 1329 380 1384 Quaest.
415 1342 539 1374 conv.
572 1330 607 1385 Ι,
642 1333 682 1385 2,
717 1333 741 1373 6
775 1331 893 1386 (618,
924 1331 994 1383 E).
1042 1331 1109 1374 De
1140 1329 1338 1374 convivis
1366 1329 1412 1373 in
1439 1328 1638 1373 convivio

87 1404 353 1450 collocandis
383 1406 493 1450 haec
523 1405 666 1450 fertur
696 1406 933 1451 sententia:
964 1400 1080 1450 ἀλλὰ
1107 1409 1168 1464 τῷ
1195 1404 1381 1463 δεομένῳ
1406 1403 1456 1449 τὸ
1483 1402 1640 1456 οἰκεῖον

85 1478 424 1539 προσαρμόττων
444 1478 599 1524 κελεύει)
615 1478 832 1540 φιλολόγῳ
850 1481 930 1537 μὲν
944 1478 1376 1526 ὑποκατακλίνεσθαι
1392 1480 1636 1539 φιλομαθῆ,

80 1555 275 1615 δυσκόλῳ
306 1557 356 1601 δὲ
385 1559 538 1616 πρᾷον,
575 1552 796 1616 οἷδολέσχῳ
827 1558 875 1602 δὲ
905 1555 1121 1617 πρεσβύτῃ
1158 1555 1364 1617 φιλήκοον
1400 1555 1635 1610 νεανίσκον,

78 1636 140 1692 τῷ
177 1630 218 1678 δ’
255 1629 434 1688 ἀλαζόνι
470 1632 544 1677 τὸν
579 1631 743 1691 εἷ’ρωνα,
788 1636 857 1692 τῷ
894 1629 934 1678 δ’
974 1629 1171 1693 ὀργίλῳ
1206 1632 1296 1679 τὸν
1339 1630 1636 1693 σιωπηλόν.

78 1696 240 1755 Herw.'
257 1710 480 1764 aliquanto
502 1710 647 1765 aptius
669 1724 767 1755 esse
788 1714 936 1766 putat:
967 1712 1030 1769 τῷ
1051 1710 1100 1755 δὲ
1119 1710 1289 1770 κωτίλῳ
1309 1709 1382 1755 τὸν
1402 1706 1636 1769 σιωπηλόν.

78 1790 141 1831 At
175 1801 262 1831 non
299 1792 368 1832 est
397 1789 619 1831 ’τακτικοῦ
658 1787 734 1831 καὶ
773 1785 1006 1845 ἁρμονικοῦ
1046 1783 1202 1846 α’νδρὸς
1242 1791 1308 1844 (ut
1350 1800 1484 1842 supra
1524 1786 1639 1829 dixit

79 1864 328 1918 Lamprias)
368 1863 629 1917 loquacitati
660 1863 846 1908 alicuius
884 1864 1097 1908 convivae
1128 1864 1262 1908 alium
1298 1864 1505 1908 inermem
1542 1861 1638 1907 sive

79 1941 181 1994 lupo
213 1953 338 1983 ovem
368 1940 559 1983 tradere.
607 1940 727 1983 Bene
754 1943 901 1984 autem
928 1940 1162 1985 iracundus
1190 1942 1313 1984 homo
1334 1939 1471 1983 tacito
1492 1938 1637 1992 aliquo

68 2016 121 2063 ‚ei
137 2015 351 2072 apposito,
375 2015 601 2069 quominus
619 2015 865 2060 convivium
881 2017 1124 2074 perturbet,
1147 2016 1395 2072 impeditur.
1436 2016 1498 2060 Et
1512 2027 1637 2070 prae-

82 2092 245 2136 cedunt
275 2092 405 2146 paulo
437 2105 589 2146 supra:
621 2086 841 2150 ἅδολέσχῳ
869 2092 917 2136 δὲ
944 2090 1161 2151 πρεσβύτῃ
1181 2089 1388 2151 φιλήκοον
1406 2090 1637 2143 νεανίσκον,

81 2169 238 2222 quibus
264 2168 412 2212 verbis
438 2167 660 2211 tolerabili
686 2168 968 2222 loquacitatis
996 2169 1149 2225 generi
1178 2182 1301 2213 suum
1322 2169 1534 2213 tributum
1555 2170 1637 2212 est.

200 2245 380 2301 Quaest.
415 2257 540 2288 conv.
572 2244 608 2299 I,
644 2247 682 2301 9,
716 2248 741 2288 3
780 2247 897 2301 (627,
929 2247 996 2299 B).
1036 2242 1119 2303 ὁρῶ
1150 2243 1244 2303 γὰρ,
1286 2242 1354 2288 ὅτι
1390 2243 1467 2288 καὶ
1502 2242 1639 2302 τέφρᾳ

81 2320 170 2378 καὶ
221 2319 418 2373 λίθοις,
471 2316 555 2363 κᾶν
599 2317 661 2376 μὴ
707 2323 824 2377 παρῇ
874 2320 923 2363 δὲ
971 2323 1121 2374 ταῦτα,
1173 2322 1377 2378 κονιορτῷ
1427 2316 1640 2370 πολλάκις

83 2393 319 2450 παχύνουσι
360 2393 410 2439 τὸ
453 2393 578 2453 ὕδωρ,
625 2391 683 2446 ὡς
723 2396 890 2450 μᾶλλον
931 2398 1015 2439 τῶν
1057 2397 1224 2454 γεωδῶν
1265 2398 1323 2454 τῇ
1367 2392 1639 2454 τραχύτητι

80 2469 371 2517 καταπλύνειν
402 2470 644 2527 δυναμένων
661 2469 747 2515 -τὸν
777 2469 922 2530 ῥύπον.
966 2473 1180 2529 Hirsehig
1192 2474 1233 2528 *)
1263 2486 1340 2528 pro
1363 2470 1638 2517 substantivo

81 2545 310 2608 τραχύτητι
339 2549 438 2592 vult
469 2544 698 2607 παχύτητι.
745 2548 848 2593 Etsi
878 2553 1024 2594 autem
1055 2549 1297 2593 antecedit:
1330 2545 1565 2603 παχύνουσι
1589 2545 1640 2591 τὸ

80 2623 206 2683 ὕδωρ,
244 2629 391 2669 tamen
422 2626 658 2670 tenendum
690 2638 787 2669 esse
818 2629 922 2680 puto
960 2623 1201 2686 τραχύτητι,
1240 2627 1353 2680 quod
1391 2625 1536 2670 cinere
1566 2624 1640 2668 vel

200 2713 234 2758 ⁸2)
260 2713 386 2749 Philon
413 2713 476 2749 Ν.
501 2723 534 2758 p.
563 2716 642 2748 367.
