1751 3042
842 101 895 144 16

86 242 216 286 πᾶσι.
249 268 306 274 -—
338 241 541 287 Ceterum
570 255 656 286 non
687 242 798 286 male
828 241 906 286 illo
937 242 1032 286 loco
1063 254 1160 286 cum
1191 241 1438 298 Theagenis
1469 242 1642 288 honoris

86 319 230 364 studio
261 319 541 375 coniungitur
572 318 857 363 certaminum
894 318 1097 363 studium.
1162 315 1409 370 Φιλόνεικος
1445 319 1560 364 enim
1596 323 1643 364 et

86 395 328 455 φιλονεικία
367 410 453 441 non
489 397 627 441 solum
667 395 922 451 significant
956 396 1112 440 malam
1152 395 1441 441 contendendi
1478 396 1642 450 cupidi-

84 476 237 529 tatem,
279 473 358 517 sed
387 472 520 517 etiam
550 473 825 527 pulchrorum
858 471 1141 516 certaminum
1177 484 1379 516 amorem.
1442 471 1507 516 Of.
1542 474 1642 528 724,

86 550 137 593 Β.
178 548 276 591 ἐπεὶ
305 547 381 591 καὶ
412 546 633 605 φίλαθλος
661 543 807 599 ἄλλως
837 547 913 591 καὶ
944 545 1185 605 φιλόνεικος
1213 544 1317 604 ἡμῖν
1353 543 1377 590 ὅ
1411 545 1517 598 θεὸς
1552 545 1639 590 κτὲ.

87 627 186 681 988,
238 625 291 668 A.
335 618 384 676 ὃς
431 624 572 667 δειλοῦ
619 622 904 684 προετίμησεν
950 618 1105 682 ἀνδρὸς
1150 624 1293 667 ἵππον
1341 617 1514 681 ἀγαθὴν
1564 622 1640 667 καὶ

83 698 336 759 φιλόνεικον.
399 701 545 755 Comp.
583 702 731 755 Pelop.
771 704 817 744 et
853 702 989 745 Marc.
1031 714 1067 744 c.
1104 703 1144 752 1.
1182 697 1380 756 ἐμβαλὼν
1415 701 1475 756 ,τῷ
1512 714 1641 757 στρα-

82 773 261 833 τεύματι
295 776 419 836 ζῆλον
451 775 528 821 καὶ
561 775 827 836 φιλονεικίαν
853 774 963 836 πρὸς
988 774 1084 829 τοὺς
1112 774 1357 832 πολεμίους.
1405 776 1459 821 V.
1492 775 1638 821 Sullae

83 867 119 898 c.
158 857 226 898 15.
259 851 542 913 στρατηγικὸς
579 845 685 912 ἀνὴρ
719 853 796 897 καὶ
833 851 1085 912 φιλόνεικος.
1137 855 1229 898 Nec
1260 853 1402 909 magis
1435 854 1638 896 substan-

80 931 220 974 tivum
251 929 493 988 φιλονεικία
523 930 776 974 mutandum
803 943 902 974 esse
929 934 1033 985 puto
1053 944 1095 984 p.
1121 933 1220 986 971,
1251 931 1304 974 A.
1342 926 1401 980 ὥς
1430 923 1478 971 οὗ
1507 930 1638 986 κρεῶν

77 1003 213 1066 χάριν,
252 1000 365 1050 ἀλλὰ
402 1004 523 1066 νίκης
557 1004 634 1050 καὶ
671 1005 995 1065 φιλονεικίας
1030 1000 1344 1064 ἀγωνιζόμενοι,
1381 1005 1456 1049 ubi
1485 1005 1634 1049 Herw.

79 1084 192 1139 legit
222 1082 489 1142 φιλοτιμίας.
540 1083 704 1139 Agitur
734 1085 788 1128 de
820 1084 1000 1133 canibus
1030 1084 1201 1139 lepores
1232 1082 1510 1138 venantibus,
1541 1081 1634 1135 qui-

79 1162 260 1205 buscum
291 1160 417 1214 quasi
447 1161 698 1204 velocitatis
731 1164 952 1205 certamen
982 1162 1155 1205 habent.
1269 1195 1271 1197 -

198 1236 311 1281 Ibid.
334 1237 469 1280 XVII
490 1237 609 1292 (813,
641 1237 713 1291 D).
746 1233 938 1294 πρόσεχε,
970 1235 1208 1295 Περίκλεις·
1232 1234 1462 1293 ἐλευθέρων
1483 1230 1634 1292 ἄρχεις,

6 1327 10 1330 ·
78 1307 460 1371 Ἑλλήνωνιόῖρχεις,
493 1313 683 1356 πολιτῶν
701 1307 960 1372 Ἀθηναίων.
1007 1313 1350 1358 Herwerdenus:
1387 1311 1635 1367 „Meliorem

79 1389 259 1433 formam
290 1390 400 1433 haec
430 1389 528 1443 ipsa
558 1389 742 1433 Periclis
781 1390 1003 1434 sententia
1042 1389 1183 1433 induit
1218 1390 1264 1433 in
1301 1392 1469 1442 quaest.
1509 1400 1632 1431 conv.

78 1466 115 1522 I,
132 1469 178 1524 4,
202 1469 228 1510 2
261 1467 380 1523 (620,
412 1466 484 1522 D).
523 1464 755 1524 ἐλευθέρων
785 1462 937 1525 ἄρχεις,
973 1462 1180 1524 Ἑλλήνιον
1210 1461 1362 1524 όίρχεις,
1389 1459 1635 1524 Ἀθηναίων

77 1538 231 1601 ι’ίρχεις,
269 1542 345 1586 ubi
375 1546 421 1586 et
458 1543 649 1586 πολιτῶν
684 1543 847 1587 rectius
879 1544 1007 1587 abest
1044 1546 1089 1587 et
1124 1543 1170 1586 in
1207 1542 1393 1599 singulis
1429 1540 1632 1586 membris

76 1620 259 1663 verbum
291 1619 522 1674 repetitur,
563 1619 676 1672 quod
707 1623 777 1663 est
807 1620 853 1662 in
883 1620 1047 1663 talibus
1078 1620 1297 1663 sollemne.
1360 1619 1424 1662 Cf.
1466 1617 1520 1661 de
1550 1617 1631 1660 vit.

73 1708 177 1740 aere
207 1695 338 1740 alien.
362 1694 427 1739 VI
449 1698 567 1751 (830,
598 1696 669 1749 A).
702 1688 813 1738 τοῦτ>
840 1694 1011 1753 ἐρωτᾷς,
1044 1692 1148 1749 ἔχων
1164 1697 1320 1752 χεῖρας,
1352 1691 1455 1748 ἔχων
1475 1690 1629 1745 πόδας,

72 1769 177 1824 ἔχων
206 1768 349 1829 φωνήν
378 1768 491 1814 κτὲ.“
519 1797 574 1803 -
596 1772 691 1814 Non
714 1771 864 1816 debuit
884 1772 1033 1815 Herw.
1056 1771 1256 1814 omittere
1278 1770 1455 1814 tertium
1476 1771 1630 1824 locum,

71 1847 146 1892 ubi
176 1847 290 1892 idem
321 1847 430 1892 illud
449 1847 635 1892 Periclis
666 1848 884 1903 laudatur,
917 1861 1010 1903 reg.
1041 1852 1086 1892 et
1112 1847 1213 1903 imp.
1242 1848 1417 1902 apopht.
1449 1848 1546 1902 186,
1576 1846 1627 1890 C:

72 1921 266 1983 πρόσεχε,
304 1922 543 1983 Περίκλεις,
578 1923 810 1983 ἐλευθέρων
838 1923 1009 1980 μέλλεις
1038 1920 1181 1984 ἄρχειν
1211 1923 1287 1968 καὶ
1315 1920 1523 1982 Ἑλλήνων
1552 1921 1628 1967 καὶ

32 1989 321 2059 ’Ἀθηναίων
384 2001 507 2055 Quod
539 2005 683 2045 autem
714 2002 863 2046 Herw.
904 2004 960 2046 ad
998 2002 1334 2046 confirmandam
1371 2015 1493 2045 suam
1530 2014 1627 2044 sen-

69 2077 255 2123 tentiam
285 2078 427 2122 locum
457 2077 579 2122 illum
611 2091 666 2122 ex
695 2078 843 2123 libello
876 2078 929 2123 de
959 2078 1039 2124 vit.
1072 2091 1163 2123 aer.
1202 2079 1258 2123 al.
1300 2078 1424 2135 citat,
1463 2077 1509 2122 in
1546 2078 1627 2121 hoc

70 2154 335 2198 Volkmanni
372 2154 545 2208 quidem
582 2154 757 2198 minime
794 2155 950 2198 nititur
985 2155 1265 2212 auctoritate,
1309 2155 1383 2208 qui
1419 2154 1465 2198 in
1501 2154 1626 2213 libro,

69 2243 197 2284 quem
229 2231 409 2286 scripsit
439 2232 494 2275 de
514 2231 871 2288 Plutarchivita,
904 2232 1122 2288 operibus,
1155 2231 1427 2287 philosophia
1448 2232 1568 2286 (pars
1588 2230 1624 2275 Ι.

67 2320 109 2362 p.
135 2310 237 2362 183)
268 2307 572 2352 demonstrans
604 2308 883 2352 subditicium
914 2321 1011 2353 esse
1041 2308 1164 2352 illum
1184 2307 1342 2352 librum
1362 2308 1472 2351 haec
1494 2306 1623 2351 dicit:

67 2385 221 2438 „Anah
257 2388 400 2427 verrat
433 2385 527 2427 sich
563 2386 638 2427 der
675 2386 865 2441 plumpe,
908 2385 1226 2428 ilbertreibende
1255 2384 1532 2427 Deklamator
1573 2383 1623 2425 in

76 2460 355 2517 Wemlmzyen
383 2461 466 2504 wie
496 2476 530 2504 c.
569 2464 609 2504 6.
644 2455 757 2505 τοῦτ’
791 2461 950 2520 ἐρωτᾷς
979 2458 1083 2516 ἔχων
1109 2464 1280 2520 χεῖρας“
1313 2465 1412 2507 οῖο.

185 2537 296 2582 Ibid.
319 2537 504 2581 XXXII
535 2539 655 2594 (825,
686 2538 757 2592 A).
790 2532 955 2589 οὐδενὸς
984 2528 1110 2595 ἧττον
1139 2539 1200 2595 τῷ
1227 2538 1440 2594 πολιτικῷ
1460 2533 1624 2595 προσή-

65 2627 132 2656 κει
162 2606 281 2655 ταῦτ’
314 2609 490 2656 ἰᾶσθαι.
538 2613 702 2657 Scribit
731 2614 880 2658 HerW.
913 2607 1079 2664 οὐδενὸς
1109 2605 1163 2656 οὗ
1170 2630 1192 2656 ν
1221 2603 1360 2672 ἦττον,
1393 2613 1506 2667 quod
1537 2612 1623 2657 Sibi

65 2688 302 2744 displiceat
331 2690 586 2745 asyndeton.
635 2691 697 2734 Et
728 2691 917 2734 concedo
948 2703 1037 2746 cos,
1070 2689 1145 2743 qui
1175 2690 1318 2734 obiter
1337 2690 1621 2735 Plutarchum
