1751 3042
842 110 897 152 19

13 284 17 287 -
92 248 291 308 τευομένη
327 243 541 300 πολλάκις
575 247 928 305 ἑκκυβιστῶσα
966 244 1156 301 σώζεται*
1200 246 1269 293 διὸ
1306 245 1416 306 ὅρα,
1453 245 1521 305 μὴ
1552 245 1640 291 καὶ

92 325 178 386 δέῃ
207 316 357 385 ἧττον
385 326 486 369 τῶν
516 319 749 370 ὀδόντων.
795 326 941 371 Locus
972 325 1037 370 sic
1067 328 1261 371 mutatus
1291 338 1430 381 paene
1451 324 1639 381 genuino

91 404 252 459 dignus
289 406 359 446 est
397 403 646 459 Plutarcho,
685 404 810 447 modo
848 416 1103 447 excusemus
1140 399 1208 446 διό
1244 403 1369 446 brevi
1403 400 1639 446 intervallo

91 479 325 535 repetitum
362 482 409 522 et
444 478 554 523 illud
590 475 668 537 ὅρα
704 480 766 538 μὴ
796 478 871 538 δέῃ
902 478 1072 536 (debuit
1103 479 1214 523 enim
1246 479 1437 524 scribere
1466 476 1528 537 μὴ
1559 479 1637 531 δεῖ,

92 569 186 600 cum
216 552 278 612 μή
308 556 388 598 hoc
417 556 511 599 loco
541 555 877 611 interrogativa,
915 569 1002 599 non
1030 555 1174 599 finalis
1206 555 1266 599 sit
1297 555 1560 610 coniuncti03
1593 558 1640 598 et

92 629 170 690 ὅρα
209 631 282 674 vel
319 627 475 674 σκόπει
511 627 572 688 μή
610 644 704 675 cum
742 631 981 675 indicativo
1017 631 1187 684 quoties
1217 631 1479 674 Plutarchus
1516 644 1637 674 usur·
1698 640 1703 641 ⁷

90 706 279 763 paverit,
327 706 400 750 vix
441 707 673 762 numeres).
741 708 933 751 Psellum
969 710 1135 764 autem,
1181 706 1301 750 cuius
1342 710 1548 761 excerpta
1585 720 1638 750 ex

90 785 239 827 eodem
274 784 394 827 fonte
430 796 631 828 manasse
667 787 800 837 atque
834 784 963 827 huius
996 783 1292 837 epitomatoris
1330 784 1582 826 Doehnerus
1596 784 1636 836 *)

90 860 371 915 demonstrat,
410 862 456 903 et
491 859 634 914 ipsum
676 860 837 904 habere
874 859 1020 904 video:
1060 858 1291 917 ἑκκυβιστᾷ
1329 857 1405 902 καὶ
1444 855 1634 912 σώζεται.

90 937 246 988 Itaque
276 936 387 993 haec
415 948 470 979 ne
491 936 605 989 apud
626 936 1100 979 Pseudo-Plutarchum
1122 935 1293 988 quidem
1313 936 1520 978 mutanda
1541 948 1638 978 esse

94 1025 262 1067 censeo,
280 1024 536 1065 quamquam
551 1011 623 1055 hic
638 1012 770 1055 aliter
792 1025 888 1055 cum
908 1011 1268 1056 antecedentibus
1285 1011 1514 1055 coniuncta
1536 1015 1639 1055 sunt

89 1091 223 1140 atque
256 1087 371 1141 apud
390 1087 583 1130 Psellum
613 1083 732 1141 (ὅθεν
761 1083 975 1138 πολλάκις
1006 1085 1330 1145 περικυλιομένη
1361 1089 1452 1137 τοῖς
1470 1083 1638 1144 βρόχοις

90 1164 246 1221 διαιρεῖ
278 1158 449 1213 τούτους
479 1161 555 1206 καὶ
569 1161 739 1222 .τέμνει,
772 1157 865 1206 εἶτα
896 1161 1053 1221 ῥᾳδίως
1079 1162 1310 1220 ἐκκυβιστᾷ
1329 1161 1406 1206 καί
1426 1159 1633 1217 σώζεται).

90 1239 327 1293 Sequentia
356 1239 421 1283 ita
451 1239 708 1294 corrigenda
737 1239 965 1283 videntur:
992 1235 1170 1292 σώζεται
1198 1238 1333 1297 μηδὲν
1359 1237 1534 1297 δεομένη
1555 1241 1637 1281 τῶν

89 1309 286 1359 ὀδόντων.

206 1392 275 1435 De
306 1391 389 1434 fae.
421 1391 466 1434 in
497 1392 600 1435 orbe
619 1391 648 1435 l.
671 1391 824 1435 XXIV
856 1392 973 1447 (937,
995 1391 1067 1446 D).
1101 1387 1213 1443 δόξει
1243 1388 1324 1448 γὰρ
1354 1387 1463 1448 πρὸς
1493 1384 1634 1444 οὐθὲν,

87 1461 201 1511 ἄλλά
231 1463 373 1527 μάτην
403 1465 615 1525 γεγονέναι
645 1468 755 1522 (scil.
778 1464 804 1525 ἡ
831 1463 1011 1526 σελήνη),
1042 1464 1150 1525 μὴτε
1179 1464 1372 1525 καρποὺς
1402 1465 1634 1525 ἐκφέρουσα

87 1539 186 1601 μήτ’
217 1539 472 1601 ἀνθρώποις
502 1543 615 1587 τισὶν
644 1543 770 1602 ἕδραν
800 1543 1044 1602 παρέχουσα
1064 1543 1141 1587 καὶ
1172 1543 1331 1601 γένεσιν
1351 1543 1427 1587 καὶ
1448 1542 1631 1586 δίαιταν·

86 1610 144 1662 ὧν
173 1619 295 1663 ἓνεκα
331 1619 408 1664 καὶ
443 1617 600 1680 ταύτην
638 1619 851 1677 γεγονέναι
881 1608 1036 1678 φαμὲν,
1068 1618 1180 1664 κατὰ
1219 1617 1447 1673 Πλάτωνα,
1479 1621 1634 1677 τροφὸν

85 1692 304 1752 ἡμετέραν,
336 1692 498 1753 ἡμέρας
527 1711 572 1738 τε
602 1694 679 1739 καὶ
709 1693 857 1747 νυκτὸς
886 1690 1044 1754 α’τρεκῆ
1075 1693 1248 1754 φύλακα
1269 1694 1345 1739 καὶ
1366 1692 1629 1754 δημιουργόν.

85 1771 233 1815 Herw.
278 1771 490 1815 ludicram
535 1771 912 1826 interpolationem
953 1785 1052 1816 esse
1088 1772 1197 1815 dicit
1233 1773 1368 1815 verba
1398 1768 1557 1829 ἡμέρας
1586 1787 1632 1814 τε

83 1845 161 1889 καὶ
191 1844 338 1898 νυκτὸς
368 1841 522 1905 ἀτρεκῆ
554 1843 726 1905 φύλακα
757 1846 833 1891 καὶ
864 1844 1128 1906 δημιουργόν.
1175 1848 1284 1891 Nam
1314 1847 1382 1890 his
1413 1847 1631 1890 Theonem

84 1922 225 1976 ipsum
265 1925 467 1967 evertere
504 1923 563 1979 id,
602 1924 716 1977 quod
752 1924 1047 1967 demonstrare
1084 1923 1205 1978 velit,
1236 1924 1364 1966 lunae
1394 1922 1502 1966 nihil
1533 1936 1632 1966 esse

81 1998 302 2043 utilitatis.
374 1999 522 2043 Verba
569 1999 680 2043 enim
723 1997 800 2043 καὶ
842 1995 998 2058 ταύτην
1044 1997 1254 2056 γεγονέναι
1293 1997 1436 2056 φαμὲν
1475 1997 1632 2058 τροφὸν

83 2071 290 2132 ἡμετέραν
318 2075 468 2129 procul
499 2075 628 2118 dubio
658 2075 780 2118 illum
810 2075 864 2118 de
894 2078 1014 2119 terra
1045 2075 1210 2131 dicere3
1242 2076 1323 2118 hoc
1354 2087 1440 2118 non
1460 2075 1630 2120 intelle-

83 2153 257 2205 gentem
292 2152 499 2195 lectorem
535 2151 721 2204 aliquem
756 2151 843 2194 ista
880 2148 1039 2208 ἡμέρας
1077 2166 1122 2192 τε
1158 2147 1245 2193 κτὲ.
1287 2163 1342 2194 ex
1374 2164 1467 2205 cap.
1500 2152 1632 2195 XXV

82 2226 392 2270 absurdissime
435 2227 519 2270 huc
562 2226 779 2270 attulisse.
840 2227 902 2270 At
943 2226 1075 2270 facile
1118 2226 1318 2281 intellegi
1359 2230 1506 2281 potest
1545 2240 1631 2271 non

81 2302 288 2345 lectorem
318 2302 519 2357 aliquem,
551 2303 629 2346 sed
644 2303 984 2346 Herwerdenum
1013 2303 1144 2346 valde
1166 2301 1384 2346 erravisse
1404 2306 1632 2357 putantem

81 2378 218 2420 Verba
253 2374 414 2436 ἡμέρας
450 2393 495 2420 τε
531 2376 607 2422 καὶ
648 2376 796 2430 νυκτὸς
825 2373 981 2437 α’τρεκῆ
1011 2375 1183 2437 φύλακα
1212 2376 1289 2422 καὶ
1320 2377 1575 2438 δημιουργόν
1603 2395 1631 2425 a

81 2452 267 2515 Platone
298 2455 351 2497 de
381 2454 485 2498 luna
516 2455 636 2498 dicta
667 2468 779 2499 esse.
841 2457 964 2511 Quae
993 2456 1050 2499 ad
1080 2458 1241 2498 terram
1273 2467 1371 2499 esse
1401 2457 1630 2502 referenda

82 2541 137 2572 ex
172 2528 266 2583 ipso
307 2529 383 2574 illo
430 2544 523 2586 cap.
567 2531 697 2575 XXV
745 2533 863 2588 (938,
902 2533 959 2586 E)
996 2545 1174 2576 cernere
1216 2532 1377 2587 potuit:
1416 2527 1514 2576 οὐδὲ
1550 2531 1631 2591 γὰρ

81 2601 203 2660 τήνδε
237 2603 317 2662 τὴν
345 2608 421 2663 γῆν
451 2604 495 2649 ὁὶ
526 2602 627 2665 ῗίλης
663 2606 824 2665 ἐνεργὸν
860 2603 958 2651 οὐδὲ
987 2606 1348 2667 προσοικουμένην
1378 2606 1538 2666 ὁρῶμεν
1558 2643 1566 2651 .
1589 2643 1597 2651 .
1618 2643 1628 2652 .

198 2699 232 2743 *)
257 2699 400 2744 Quaest.
426 2695 523 2736 Plut4
550 2701 618 2738 III.
642 2711 676 2747 p.
703 2704 759 2737 22.

1376 2772 1418 2809 2*
