1751 3042
826 115 877 156 11

75 255 303 300 Plutarchi
331 256 425 298 loco
455 255 623 299 inveni:
655 255 709 298 V.
730 254 859 298 Arati
888 268 925 298 c.
950 257 1017 298 30.
1049 252 1126 296 καὶ
1156 250 1237 310 γὰρ
1264 249 1398 310 ὤφθη
1424 251 1626 294 πεπλασ-

76 329 191 389 μένῳ
211 331 348 374 δοκῶν
367 326 470 388 ἤθει
489 327 600 388 πρὸς
619 325 831 389 ἀληθινὴν
850 328 928 374 καὶ
946 324 1147 387 οἷκέραιον
1162 323 1313 386 ἀρετὴν
1325 325 1623 383 ἁμιλλᾶσθαι.

192 406 302 451 Ibid.
335 407 448 451 XXI
486 409 606 462 (767,
635 407 708 460 D).
746 396 782 463 ᾧ
818 401 859 449 δ’
896 403 952 448 ἂν
983 401 1118 462 ’Έρως
1154 400 1380 461 ἐπισκήψῃ
1415 402 1492 446 καὶ
1527 402 1626 445 ἑπι-

78 478 250 540 πνεύσῃ,
282 483 451 540 πρῶτον
479 480 559 536 μὲν
578 480 626 525 ἐκ
645 482 722 539 τῆς
740 481 1025 539 Πλατωνικῆς
1044 476 1212 531 πόλεως
1231 476 1280 523 τὸ
1301 477 1402 534 ε’μὸν
1421 473 1493 532 οὐχ
1521 476 1623 531 ἕξει

75 556 152 602 καὶ
181 555 231 601 τὸ
261 552 337 601 οὐκ
367 553 481 612 ἐμόν.
543 558 725 612 Supplet
754 560 802 601 et
831 557 1016 612 corrigit
1044 557 1213 600 Herw.:
1253 556 1422 612 πρῶτον
1451 554 1530 609 μὲν
1558 551 1623 605 ὡς

70 632 125 695 ,οἱ
162 633 211 678 ἐκ
246 636 322 691 τῆς
351 634 634 692 Πλατωνικῆς
669 629 837 685 πόλεως
873 631 923 677 τὸ
959 630 1061 688 ἐμὸν
1096 626 1144 676 οὗ
1180 629 1316 684 λέξει
1351 629 1427 674 καὶ
1462 628 1511 674 τὸ
1547 625 1622 673 οὖν.

75 707 189 766 ἐμόν.
242 707 356 763 “Egel
385 724 463 754 cur
492 713 632 754 mutet
661 710 706 754 in
737 708 858 763 λέξει,
896 709 1076 753 difficile
1113 712 1181 752 est
1216 707 1458 762 intellectu,
1498 720 1620 761 prae-

76 771 227 831 sertim
258 799 353 829 cum
382 786 530 829 futuro
561 784 668 838 λὲξω
697 798 910 839 nusquam
939 788 1091 829 utatur
1117 784 1392 828 Plutarchus.
1437 785 1621 827 Praece-

75 862 225 906 dentia
254 864 391 905 verba
421 862 610 905 fortasse
640 862 705 905 ita
736 865 839 905 sunt
870 861 1127 915 supplenda:
1168 862 1337 917 πρῶτον
1365 858 1456 914 μὲν,
1489 857 1544 902 τὸ
1574 859 1622 902 ἐκ

73 940 150 996 τῆς
178 939 461 996 Πλατωνικῆς
491 934 670 990 πόλεως,
701 935 751 982 τὸ
781 935 884 992 ἐμὸν
912 934 999 981 κτὲ.

189 1014 260 1056 Ad
279 1014 416 1068 princ.
438 1014 604 1058 inerud.
622 1015 646 1057 I
662 1016 779 1070 (779,
797 1015 867 1067 D).
899 1013 1111 1069 Cyrenaei
1125 1014 1351 1057 Platonem
1372 1015 1620 1068 oraverunt,

73 1094 124 1134 ut
148 1091 273 1145 leges
302 1090 386 1134 sibi
407 1090 619 1134 scriberet
640 1093 686 1134 et
705 1090 1012 1145 rempublicam
1042 1090 1341 1134 constitueret.
1379 1088 1622 1133 Recusavit

73 1169 218 1210 autem
256 1167 344 1222 ille,
383 1166 496 1220 quod
532 1166 709 1210 difficile
747 1170 866 1211 esset
893 1166 1142 1222 Cyrenaeis‚
1181 1166 1255 1220 qui
1292 1168 1382 1209 tam
1418 1164 1621 1208 secundis

72 1243 202 1286 rebus
233 1245 471 1297 uterentur,
503 1243 628 1297 leges
659 1242 777 1286 dare.

358 1312 491 1361 Οὐδὲν
521 1315 601 1376 γὰρ
630 1315 739 1361 οῦτω
769 1319 921 1376 γαῦρον

356 1392 432 1437 καὶ
462 1391 589 1452 τραχὺ
619 1392 696 1438 καὶ
726 1390 973 1452 δύσαρκτον,

1002 1468 1061 1522 ὡς
1091 1466 1195 1529 ἀνὴρ
1225 1468 1305 1529 ἔφυ

72 1543 308 1605 εὐπραγίας
339 1544 544 1606 δοκούσης
576 1543 987 1603 ἐπιλαμβανόμενος.
1030 1548 1180 1591 HeFW.
1212 1561 1260 1591 se
1290 1548 1525 1602 desperare
1554 1547 1622 1591 ait

69 1625 123 1668 de
154 1624 411 1679 corrigendo
443 1619 679 1681 εὐπραγίας
709 1620 927 1682 δοκούσης,
965 1639 1043 1678 pro
1074 1638 1158 1678 quo
1189 1628 1490 1678 exspectemus
1527 1625 1620 1667 fere

69 1696 429 1760 ὑπερβαλλούσης.
491 1701 642 1754 Neque
684 1703 831 1744 tamen
874 1700 979 1744 mihi
1023 1700 1095 1745 hic
1136 1701 1258 1745 locus
1302 1700 1478 1745 videtur
1520 1714 1619 1746 esse

72 1778 367 1832 corrigendus,
414 1779 525 1821 Nam
555 1779 737 1820 verbum
768 1778 920 1830 δοκεῖν,
952 1791 1036 1821 non
1067 1774 1348 1835 ὑπερβάλλειν
1382 1778 1509 1822 huius
1535 1780 1620 1822 loci

60 1868 180 1914 csse,
225 1856 409 1908 apparet
445 1867 500 1897 ex
535 1853 614 1897 vit.
655 1854 761 1897 Luc.
801 1867 839 1897 c.
872 1857 912 1909 2,
957 1853 1030 1897 ubi
1069 1853 1183 1897 idem
1219 1854 1417 1911 Platonis
1454 1855 1619 1898 dictum

69 1930 274 1973 laudatur
315 1929 384 1972 his
426 1928 593 1972 Verbis:
640 1923 760 1972 οὐδὲν
802 1926 884 1986 γὰρ
925 1923 1159 1987 ἀνθρώπου
1204 1926 1532 1988 δυσαρκτότερον
1573 1923 1619 1973 εὖ

70 2002 277 2063 πράσσειν
314 2006 549 2056 δοκοῦντος.
611 2005 673 2048 Et
712 2005 758 2049 in
796 2006 954 2049 consol.
992 2006 1049 2049 ad
1085 2005 1226 2059 Apoll.
1269 2020 1305 2050 c.
1337 2009 1365 2049 4
1402 2008 1521 2062 (102,
1562 2008 1619 2061 F)

68 2083 178 2125 haec
207 2082 344 2125 Verba
375 2084 495 2125 sunt:
527 2079 881 2136 πεπαιδευμένων
902 2077 981 2139 γάρ
1001 2081 1094 2124 ἐστι
1114 2080 1190 2124 καὶ
1210 2079 1437 2139 σωφρόνων
1455 2077 1619 2139 ἀνδρῶν

70 2153 180 2215 πρός
218 2173 263 2200 τε
304 2155 385 2209 τὰς
427 2153 637 2208 δοκούσας
677 2152 870 2211 εὐτυχίας
910 2154 984 2201 τὸν
1026 2152 1153 2201 αὐτὸν
1193 2153 1315 2201 εἶναι.
1375 2158 1486 2202 Ibid.
1520 2172 1557 2203 c.
1591 2161 1616 2202 6

68 2235 186 2290 (104,
229 2233 307 2289 D):
351 2236 617 2292 μεταρρῖψαι
658 2231 735 2292 τὴν
777 2234 986 2278 δοκοῦσαν
1027 2228 1261 2293 εὐημερίαν.
1331 2235 1617 2291 Participium

69 2310 204 2353 δοκῶν
235 2310 407 2365 saepius
439 2310 503 2354 ita
534 2314 789 2365 usurpatum
819 2311 1054 2354 invenitur.
1102 2312 1234 2354 Velut
1263 2324 1306 2353 v.
1334 2312 1441 2355 Luc.
1473 2325 1512 2356 c.
1548 2315 1616 2356 19.

69 2379 297 2443 ἀφαίρεσις
338 2383 418 2442 γὰρ
453 2378 505 2443 ἦν
540 2387 616 2443 τῆς
651 2382 919 2445 ὑπαρχούσης
954 2383 981 2444 ἡ
1016 2387 1092 2443 τῆς
1131 2383 1335 2445 δοκούσης
1373 2385 1619 2444 ἐλευθερίας

69 2457 211 2512 δόσις..
253 2463 306 2505 V.
338 2462 552 2505 Demetrii
583 2476 620 2506 c.
655 2466 723 2506 30.
765 2460 842 2520 τὴν
872 2463 1079 2506 δοκοῦσαν
1114 2458 1277 2505 εῦνοιαν
1315 2461 1619 2522 ἐξεληλέγχθαι

68 2540 160 2588 τοῖς
188 2534 418 2595 πράγμασι
448 2537 570 2596 κενὴν
598 2537 676 2582 καὶ
706 2537 1015 2597 πεπλασμένην
1046 2531 1189 2582 οὖσαν.

186 2614 239 2658 In
275 2615 557 2669 sequentibus
594 2616 713 2671 (779,
752 2616 823 2671 E),
865 2612 938 2659 τὸν
974 2613 1055 2673 γὰρ
1093 2611 1217 2673 λόγον
1251 2613 1399 2674 ὥσπερ
1432 2612 1616 2675 ε’ίρχοντα

69 2688 406 2748 παραδέξασθαι
448 2693 681 2751 φοβοῦνται
724 2693 802 2750 (sc.
848 2686 888 2734 οἳ
932 2687 1156 2752 ἄρχοντες),
1201 2690 1263 2752 μὴ
1306 2694 1382 2753 τῆς
1425 2692 1617 2749 ἐξουσίας
