1751 3042
852 145 878 185 9

87 287 312 341 leguntur:
357 282 516 341 καίπερ
556 284 778 341 Σωσικλῆς
820 273 940 334 οὗτος
983 281 1060 325 καὶ
1103 278 1344 332 Mo'deowg.
1390 308 1445 312 —-
1488 281 1640 332 Neque

89 361 232 406 minus
263 361 308 405 in
339 374 389 405 eo
409 361 534 416 libro,
567 360 640 414 qui
660 360 840 416 Gryllus
860 358 1126 415 inscribitur,
1159 371 1194 403 c.
1220 360 1245 401 6
1267 360 1384 413 (989,
1418 357 1468 410 C)
1489 356 1639 400 Herw.

90 439 258 482 hiatum
289 437 426 481 efficit
454 437 500 480 in
530 437 617 481 his:
649 434 698 480 τὸ
729 435 778 479 δὲ
807 438 1037 494 σωφρονεῖν
1066 433 1142 478 καὶ
1171 434 1337 489 μᾶλλον
1361 428 1640 488 εὐνομεῖσθαι

91 517 188 566 ταῖς
223 512 483 569 ἐπιθυμίαις
522 508 616 557 οὔτε
654 514 839 564 πολλαῖς
875 508 1231 562 συνοικούσαις
1267 505 1352 554 οὔτ’
1390 505 1640 566 α’λλοτρίαις

92 587 261 651 σφόδρα
289 586 624 649 διαφυλάττεται
654 590 783 646 (subi.
804 586 859 633 τὰ
881 587 1048 649 θηρία).
1098 587 1307 643 Corrigit:
1340 582 1433 630 οὔτε
1452 586 1640 638 πολλαῖς

91 670 421 712 συνοικοῦντα
452 661 538 710 οὔτ’
570 661 832 724 ἀλλοτρίαις,
866 667 979 720 quod
1009 668 1191 709 Verbum
1222 668 1427 708 συνοικεῖν
1447 664 1636 707 referen-

92 745 190 788 dum
229 744 289 788 sit
324 745 381 788 ad
416 741 470 786 τὰ
509 741 658 802 θηρία.
718 745 781 787 At
817 757 949 798 saepe
985 745 1192 786 συνοικεῖν
1227 741 1468 786 subiectum
1505 741 1639 784 habet

88 815 192 876 rem,
232 833 342 873 quae
372 820 500 863 adest
529 819 674 863 alicui.
724 820 858 863 Velut
887 833 929 873 p.
965 821 1063 874 500,
1104 819 1156 862 F.
1188 814 1215 875 ἡ
1245 816 1378 861 κακία
1409 820 1500 867 τοῖς
1529 817 1639 860 πολ-

91 898 183 947 λοῖς
212 899 407 939 συνοικεῖ.
470 899 540 951 47,
572 896 626 939 D.
659 898 933 939 συνοικοῦσαν
962 893 1038 951 τὴν
1068 889 1281 949 ἀμαθίαν.
1344 896 1443 948 465,
1479 894 1532 937 Ε.
1565 890 1641 950 τὴν

90 969 230 1031 λύπην
260 973 533 1015 συνοικοῦσαν
562 967 679 1025 εἶχεν.
745 974 842 1028 780,
874 973 920 1015 Ο.
959 967 1082 1028 λόγος
1110 964 1181 1013 οῗεὶ
1212 972 1414 1013 συνοικῶν
1444 967 1520 1012 καὶ
1551 985 1640 1011 παῤ

89 1045 378 1106 ραᾳωλὰττων.
412 1076 467 1080 —-
501 1050 597 1092 Non
627 1062 755 1102 posse
786 1061 908 1092 suav.
931 1062 974 1092 v.
1006 1061 1092 1091 sec.
1125 1047 1250 1101 Epic.
1283 1061 1319 1090 c.
1351 1050 1376 1089 3
1404 1049 1551 1101 (1087,
1579 1047 1637 1100 D)

92 1125 316 1180 leguntur:
349 1118 533 1168 αὖτόθεν
560 1123 640 1180 μὲν
670 1116 753 1178 οὖν,
785 1116 819 1167 ὦ
849 1120 1000 1182 ἑταῖρε,
1033 1121 1260 1182 φαίνονται
1287 1120 1480 1180 γλίσχρον
1499 1138 1543 1165 τι
1563 1120 1639 1166 καὶ

92 1198 259 1257 σαπρὸν
288 1199 365 1243 καὶ
395 1195 442 1242 οὗ
472 1199 649 1256 βέβαιον
686 1197 824 1242 αἴτιον
858 1202 932 1242 τοῦ
967 1195 1141 1256 οἷγαθοῦ
1179 1196 1479 1254 λαμβάνοντες,
1519 1193 1637 1240 οἷλλά

91 1279 182 1327 τοῖς
212 1272 364 1334 πόροις
393 1273 571 1329 τούτοις,
605 1270 660 1319 δι’
693 1266 751 1319 ιῧν
780 1273 966 1334 ἡδονὰς
997 1271 1383 1332 ἐπεισάγονται,
1421 1273 1496 1318 καὶ
1529 1271 1638 1331 πρὸς

88 1346 329 1410 ἀλγηδόνας
359 1349 517 1407 ὁμοίιος
538 1350 913 1411 κατατετρημένον.
958 1353 1129 1395 HerW.:
1162 1346 1218 1394 διΊ
1241 1342 1299 1393 ὧν
1319 1348 1469 1408 ἡδοναὶ
1490 1350 1637 1392 ἐπεισ-

92 1425 283 1485 άγονται,
333 1430 447 1481 quod
494 1442 578 1472 non
621 1429 757 1472 solum
803 1431 981 1482 propter
1023 1429 1188 1484 hiatum
1230 1427 1493 1471 reiciendum
1542 1441 1638 1471 esse

91 1508 209 1560 puto,
255 1504 332 1547 sed
370 1504 515 1559 etiam,
560 1505 673 1557 quod
709 1504 897 1548 medium
934 1500 1248 1561 ἐπεισάγεσθαι
1289 1517 1375 1547 11011
1411 1503 1522 1546 falso
1559 1503 1639 1546 hoc

88 1581 182 1623 loco
214 1583 468 1634 usurpatum
500 1583 581 1635 est,
615 1580 885 1635 significans:
919 1580 964 1623 in
996 1594 1043 1624 se
1074 1580 1119 1634 (i.
1152 1593 1189 1623 e.
1221 1580 1267 1623 in
1300 1582 1473 1633 corpus)
1505 1580 1637 1623 intro-

89 1656 265 1700 ducunt.
319 1656 383 1699 Cf.
415 1659 583 1708 quaest.
617 1669 740 1700 conv.
763 1657 889 1712 VIII,
924 1660 963 1711 9,
997 1660 1021 1699 3
1054 1658 1171 1711 (733,
1203 1656 1284 1710 A):
1316 1651 1529 1706 τοσαύτας
1557 1654 1637 1709 μὲν

86 1730 129 1774 ἐν
159 1728 295 1789 ἑαυτῷ
325 1733 400 1775 τοῦ
430 1727 628 1787 σώματος
659 1728 869 1787 δυνάμεις
886 1729 1062 1786 ἐβζοντος,
1095 1728 1307 1782 τοσαύτας
1333 1730 1382 1774 δὲ
1409 1729 1483 1774 διὰ
1505 1729 1635 1774 σίτων

85 1806 161 1851 καὶ
191 1810 335 1851 ποτῶν
366 1807 768 1866 ἐπεισαγομένου
798 1806 1034 1868 ποιότητας
1065 1805 1279 1852 ἑκάστοτε.
1304 1836 1358 1840 ——
1381 1809 1529 1852 Etiam
1551 1810 1633 1852 hoc

85 1886 196 1927 loco:
236 1889 405 1938 quaest.
438 1898 561 1930 conv.
593 1886 694 1942 VII,
728 1890 767 1941 2,
802 1890 827 1930 3
860 1887 976 1941 (701,
1010 1886 1074 1940 C).
1106 1883 1203 1936 τοὺς
1239 1883 1339 1942 περὶ
1370 1882 1445 1942 τὴν
1484 1882 1632 1938 ἰχθυο-

86 1958 257 2003 πωλίαν
276 1955 557 2012 ἀναδιδόντας
577 1957 779 2005 ἑκάστοτε
798 1962 893 2016 ipse
914 1962 1075 2017 hiatus,
1094 1961 1317 2015 quominus
1333 1960 1630 2004 Herwerdeno

84 2037 389 2092 assentiamur,
422 2039 580 2081 obstat.
629 2039 798 2082 Conicit
819 2039 952 2082 enim:
985 2037 1082 2089 τοὺς
1108 2037 1207 2095 περὶ
1233 2036 1309 2095 τὴν
1329 2034 1631 2090 ἷχθυοπώλιὸα

84 2106 421 2165 ἇνακύπτοντας.
795 2171 798 2174 ‚

200 2190 377 2244 Quaest.
411 2202 533 2234 conv.
566 2191 667 2246 VH,
701 2194 740 2246 6,
775 2196 800 2235 3
832 2193 950 2247 (709,
984 2192 1047 2247 C).
1086 2189 1124 2234 εὶ
1153 2190 1232 2246 μὲν
1262 2189 1343 2249 γὰρ
1378 2185 1425 2234 οὗ
1462 2187 1630 2249 σφόδρα

83 2261 272 2324 συνήθης
307 2266 385 2321 (sc.
424 2262 447 2309 ὁ
482 2266 637 2320 καλῶν,
686 2267 714 2311 i.
754 2281 790 2312 e.
838 2268 911 2322 qui
948 2268 1005 2312 ad
1043 2281 1191 2312 cenam
1227 2269 1283 2311 ab
1322 2267 1408 2311 alio
1445 2272 1630 2312 vocatus

83 2341 215 2384 alium
235 2355 388 2386 rursus
408 2342 583 2399 invitat,
615 2347 665 2386 ut
685 2357 831 2388 secum
851 2344 1000 2388 eodem
1023 2348 1221 2388 cenatum
1243 2348 1334 2401 eat3
1367 2344 1431 2388 sic
1451 2345 1630 2389 invitati

81 2420 226 2460 autem
248 2419 426 2462 umbrae
448 2420 748 2475 vocabantur),
781 2414 875 2462 ἀλλ’
908 2417 935 2477 ἢ
965 2423 1048 2462 τῶν
1078 2419 1294 2463 πλουσίων
1323 2436 1390 2471 τις
1421 2417 1447 2478 ἢ
1471 2436 1631 2478 σατρα-

83 2494 226 2536 πικῶν
247 2527 394 2537 .....
400 2528 410 2547 ,
454 2494 800 2555 παραιτητέος
834 2490 974 2547 εὗθύς.
1034 2497 1374 2541 Herwerdenus:
1423 2498 1630 2553 „Rectius

82 2568 168 2612 erit
210 2569 510 2630 παραιτητέον.
579 2573 689 2615 Nam
731 2575 1059 2630 παραιτεῖσθαι,
1103 2573 1177 2616 ubi
1218 2574 1354 2617 habet
1395 2576 1631 2619 recusandi

80 2645 184 2702 vim,
227 2648 361 2691 habet
399 2649 698 2693 accusativum
739 2649 817 2705 rei,
861 2663 945 2693 non
985 2651 1236 2704 personae.“
1301 2651 1631 2709 Παραιτεῖσθαί

80 2736 176 2764 τινα
202 2723 384 2776 primum
406 2724 644 2780 significat:
677 2738 814 2781 orare,
844 2728 893 2769 ut
912 2725 1043 2770 alicui
1064 2729 1284 2783 parcatur,
1306 2728 1380 2772 vel
1400 2732 1449 2772 ut
1469 2728 1628 2783 aliquis
