1751 3042
843 105 868 148 6

788 164 929 172 -.-

198 247 279 303 Qu,
303 260 341 292 0.
363 247 425 304 Π,
449 250 489 303 3,
514 250 539 291 2
568 247 686 303 (636,
719 246 789 300 Ε).
837 244 929 289 Καὶ
959 240 1100 289 vdua
1130 244 1210 301 μὲν
1238 241 1425 300 εὔστομα
1455 241 1635 296 κείσθω,

78 317 186 366 καθ’
227 319 474 379 ἹΙρόδοτον.
542 323 664 377 Quae
712 323 846 364 verba
887 321 1036 365 Herw.
1086 321 1152 364 ita
1192 323 1352 363 mutat:
1402 318 1480 363 καὶ
1523 316 1636 362 κατὰ

78 394 221 442 τόίλλα
248 397 330 454 μὲν
358 393 545 453 εὔστομά
566 414 643 453 μοι
664 394 842 450 κείσθω,
875 414 915 440 κ.
940 393 1050 455 ‘HQ
1084 398 1241 441 collato
1261 397 1508 440 Herodoteo
1528 396 1636 451 loco,

78 476 141 530 II,
177 477 250 518 17:
293 472 394 532 περὶ
423 472 503 529 μέν
533 490 602 516 νυν
631 469 791 517 τούτων
819 469 955 516 εἰδότι
984 489 1062 528 μοι
1093 471 1171 516 ἐπὶ
1201 469 1347 525 πλέον,
1385 467 1444 523 (ὃς
1473 470 1636 515 ἕκαστα

78 545 219 595 αὐτῶν
249 547 346 605 ἔχει,
377 545 565 605 εὔστομα
596 547 775 593 κείσθω.
823 549 961 594 Miror
975 550 1320 594 Herwerdenum
1339 548 1449 592 nihil
1470 548 1636 592 dixisse

78 628 133 671 de
176 627 342 671 duobus
385 625 613 670 Moralium
653 625 776 682 locis,
823 624 897 669 ubi
935 625 1200 669 Plutarchus
1241 623 1453 669 Herodoti
1496 626 1635 668 struc-

78 707 225 747 turam
262 703 320 746 ad
356 702 537 745 verbum
575 701 785 744 imitatur.
849 701 913 745 Cf.
947 703 1047 755 417,
1081 702 1128 744 C.
1190 698 1291 758 περὶ
1328 698 1408 754 μὲν
1447 692 1518 743 οὖν
1552 700 1636 741 τῶν

79 779 301 834 μυστικῶν
392 810 403 820 .
443 771 629 832 εὔστομά
668 793 743 832 μοι
781 774 961 830 κείσθω,
998 770 1105 820 καθ’
1141 773 1382 835 (Ηρόδοτον.
1452 778 1551 829 607,
1590 776 1635 820 C.

80 854 162 898 καὶ
199 852 299 911 περὶ
334 853 414 908 μὲν
448 843 508 895 ὧν
542 850 765 906 Αἰσχύλος
800 848 973 910 ᾐνίξατο
995 885 1005 895 .
1030 885 1040 895 .
1065 876 1075 895 .’
1113 848 1299 908 εὔστομά
1335 868 1412 907 μοι
1454 849 1633 895 κείσθω.

78 932 140 975 Et
170 930 302 975 facile
335 930 491 974 credas
522 943 578 974 ne
605 943 655 974 eo
676 929 849 984 quidem
869 930 923 974 de
944 943 1028 983 quo
1050 929 1222 985 agimus
1243 930 1336 973 loco
1353 929 1634 973 Plutarchum

75 1007 185 1051 illud
228 1001 333 1049 καθ’
375 1002 607 1063 “Ηρόδοτον
649 1006 816 1050 frustra
858 1006 1036 1062 dixisse,
1083 1006 1162 1050 sed
1202 1002 1325 1050 recte
1367 1006 1639 1050 Herodotum

76 1083 292 1127 imitatum
324 1096 436 1139 esse,
468 1086 518 1126 ut
548 1083 780 1127 scriberet:
814 1081 890 1126 καὶ
921 1081 1022 1140 περὶ
1052 1085 1136 1125 τῶν
1164 1078 1310 1125 ἄλλων
1338 1082 1418 1138 μὲν
1447 1077 1631 1137 εὔστομά

76 1175 153 1213 μοι
189 1156 370 1210 κείσθω,
415 1175 454 1201 κ.
493 1155 587 1215 εΗρ.
650 1159 737 1202 Sed
780 1159 863 1201 hac
907 1158 1158 1202 coniectura
1201 1158 1330 1213 paulo
1373 1158 1633 1202 violentiore

76 1234 225 1278 nescio
257 1247 315 1277 an
345 1247 431 1277 non
464 1234 523 1278 sit
554 1247 676 1290 opus,
716 1235 829 1287 quod
860 1234 976 1277 illud.
999 1235 1111 1287 quod
1141 1234 1187 1277 in
1224 1237 1368 1287 textu·
1387 1238 1456 1277 est
1492 1229 1633 1276 τᾶλλα

80 1310 256 1354 defendi
292 1313 439 1365 potest
476 1310 768 1365 compluribus
806 1310 928 1366 locis,
974 1323 1081 1364 quos
1118 1310 1352 1354 Piersonus
1388 1309 1541 1355 attulit
1575 1309 1634 1354 ad

78 1386 289 1429 Moeridis
319 1386 560 1430 Atticistae
596 1387 767 1430 lexicon
797 1385 1007 1441 Atticum,
1040 1389 1148 1429 474:
1181 1386 1335 1441 Synes.
1368 1386 1423 1429 de
1453 1385 1629 1430 Provid.

76 1475 119 1516 p.
174 1463 272 1517 124,
333 1462 380 1506 Α.
455 1459 508 1504 τὰ
567 1461 616 1505 δὲ
670 1461 862 1505 ἐντεῦθεν
914 1457 1101 1516 εὔστομα
1155 1460 1333 1514 κείσθω,
1389 1459 1499 1520 φησί
1551 1477 1630 1512 τις.

78 1536 304 1593 ΤΙΙθΙΠίείῑ.,
337 1537 412 1591 qui
443 1537 516 1582 Or;
548 1538 610 1582 II.'
641 1551 683 1592 p.
717 1541 786 1592 27,
820 1538 865 1582 C.
898 1538 1025 1582 dicit:
1064 1536 1160 1592 ἐμοὶ
1197 1537 1246 1581 δὲ
1275 1536 1376 1595 περὶ
1410 1536 1490 1592 μὲν
1519 1540 1633 1581 θεῶν

73 1610 262 1668 εὔστομα
293 1606 472 1667 κείσθω,
505 1613 617 1657 κατὰ
651 1613 724 1658 τὸν
751 1612 996 1672 εΗρόδοτον,
1029 1617 1164 1659 habet
1195 1616 1268 1659 Or.
1301 1615 1429 1659 XIII.
1461 1628 1502 1669 p.
1534 1617 1630 1670 176,

71 1691 131 1734 A:
166 1687 244 1733 καί
272 1706 350 1745 μοι
379 1685 567 1745 εὔστομα
598 1689 765 1734 κείσθω
794 1688 847 1733 τοὶ
880 1685 1001 1749 α’μφὶ
1031 1691 1213 1734 Κλεῖτον
1235 1689 1311 1735 καὶ
1331 1689 1629 1748 Παρμενίωνα.

71 1767 219 1821 Magis
250 1766 391 1821 igitur
419 1767 671 1820 putabimus
702 1767 789 1810 iam
810 1768 1092 1811 Plutarchum
1125 1780 1295 1821 quoque
1321 1768 1632 1822 neglegentem

71 1843 155 1886 1100
184 1842 280 1886 1000
309 1842 522 1886 Herodoti
553 1846 820 1887 structuram
852 1843 1083 1898 scripsisse
1114 1839 1301 1898 εὔστομα
1332 1856 1460 1896 quam
1493 1845 1631 1887 verba

71 1916 174 1975 περὶ
203 1919 288 1959 τῶν
316 1913 462 1960 ἄλλων
491 1919 735 1962 mutavisse
766 1919 813 1962 in
843 1917 953 1962 κατὰ
988 1915 1141 1961 τᾶλλα.
1196 1921 1397 1963 Ceterum
1428 1919 1543 1975 vide,
1575 1932 1630 1962 ne

70 2006 307 2047 pronomen
336 1991 416 2047 μοι’
445 1997 566 2037 recte
582 1995 731 2038 Herw.
760 1994 1009 2051 inseruerit,
1042 1995 1201 2049 quippe
1223 1995 1337 2049 quod
1357 2007 1441 2039 uno
1459 1995 1631 2051 Synesii

69 2069 165 2112 loco
197 2072 380 2124 excepto
411 2070 623 2125 omnibus,
656 2083 762 2123 quos
795 2070 944 2124 citavi,
975 2071 1085 2115 locis
1118 2075 1274 2116 exstet.
1394 2061 1400 2066 ⁴

191 2139 272 2200 Qu.
296 2158 333 2189 0.
360 2147 398 2202 1,
422 2149 448 2189 3
471 2147 589 2201 (647,
612 2146 676 2200 C).
709 2147 803 2190 Non
830 2150 950 2191 recte
971 2148 1245 2204 amethystus
1265 2148 1401 2192 herba
1422 2148 1629 2192 ebrietati

69 2222 301 2265 adversari
339 2226 385 2265 et
422 2236 476 2265 ex
507 2223 591 2265 hac
621 2236 669 2266 re
701 2236 854 2267 nomen
884 2225 1047 2267 habere
1083 2228 1279 2279 putatur,
1320 2225 1398 2267 sed
1427 2238 1455 2268 a
1487 2225 1628 2268 colore

69 2297 188 2342 dicta
211 2300 293 2342 est.
327 2291 375 2341 οὗ
396 2293 476 2355 γάρ
497 2296 614 2341 ἐστιν
633 2292 764 2356 αὖτῆς
786 2296 836 2343 τὸ
855 2295 1014 2357 φύλλον
1034 2294 1224 2358 ἀκράτῳ,
1246 2294 1354 2343 ἄλλ’
1375 2294 1532 2358 οἷοίνῳ
1552 2300 1628 2344 καὶ

66 2371 214 2432 ὑδαρεῖ
250 2375 326 2432 τὴν
355 2376 511 2432 κρᾶσιν
548 2372 649 2432 οἴνῳ
686 2373 951 2433 προσεοικός.
996 2377 1143 2420 Verba
1178 2371 1276 2419 ἄλλ’
1315 2371 1447 2435 ἆοίνῳ
1476 2378 1624 2422 HerW.

68 2450 256 2494 delenda
287 2463 387 2494 esse
419 2454 584 2495 censet.
631 2451 754 2506 Quod
784 2451 958 2496 minime
990 2452 1127 2496 sentit
1142 2453 1524 2509 Wyttenbachius,
1557 2454 1627 2498 cui

65 2526 150 2569 hoc
169 2521 314 2577 ἶίοινος
334 2521 447 2578 οἶνος
466 2540 553 2574 non
573 2526 851 2583 ineleganter
866 2528 1030 2573 dictum
1046 2529 1235 2573 videtur.
1267 2530 1330 2573 Et
1344 2530 1627 2574 Plutarchum

67 2603 264 2646 consulto
279 2603 447 2658 ‘opinor
476 2603 744 2648 adiectivum
777 2605 1066 2660 usurpavisse
1097 2605 1239 2650 simile
1269 2605 1336 2649 illi
1365 2600 1625 2661 ἀμέθυστος.

64 2679 228 2725 Planta
247 2673 547 2736 α’μέθυστος
565 2684 760 2737 vocatur,
783 2683 895 2737 quod
910 2682 1015 2727 folia
1031 2676 1060 2724 ἆ
1071 2680 1120 2726 οί
1126 2699 1148 2725 ν
1156 2699 1191 2740 ῳ
1212 2683 1377 2728 similes
1394 2686 1497 2728 sunt
1512 2680 1624 2742 οἴνῳ.
