1751 3042
861 86 914 127 10

103 224 336 282 liberetur3
373 225 500 269 velut
529 238 572 269 v.
606 225 736 268 Thes.
770 238 806 269 c.
841 226 909 269 35.
948 221 1039 268 τὸν
1060 223 1108 267 δὲ
1146 222 1293 282 Θησέα
1331 226 1576 282 παρῃτεῖτο,
1614 225 1662 267 et

104 314 142 346 c.
178 303 247 346 19.
286 297 628 359 παραιτούμενος
657 295 838 358 ἀνεψιὸν
874 295 976 343 ὄντα
1006 298 1244 343 Δαίδαλον.
1306 301 1434 343 Tum:
1471 299 1660 353 aliquem

103 390 244 433 orare,
276 381 327 422 ut
355 382 512 433 parcat
542 378 655 431 (sive
686 377 830 422 oranti
860 377 957 421 sive
987 377 1065 421 alii
1097 377 1197 432 cui),
1229 376 1416 421 alicuius
1446 376 1555 420 iram
1585 376 1657 420 de-

103 466 307 510 precar03
356 455 480 497 velut
523 456 623 508 862,
671 454 717 496 G.
762 456 1080 510 παραιτεῖσθαι
1124 450 1381 511 ψηφίσματι
1422 449 1500 509 τὴν
1540 447 1656 504 θεόν,

100 525 226 580 ὅπως
246 561 257 572 .
281 561 292 571 .
330 523 566 573 ἀποθύωσι
602 526 691 572 κτὲ.
745 529 798 573 V.
831 529 985 573 Timol.
1027 542 1063 573 c.
1098 532 1166 573 37.
1205 530 1524 585 παραιτεῖσθαι
1561 524 1659 578 τοὺς

103 603 303 657 πολίτας.
364 605 583 659 Denique:
622 605 810 659 aliquem
841 619 1060 662 respuere,
1098 605 1283 649 alicuius
1316 604 1561 648 convictum
1590 617 1657 647 re-

103 695 272 726 cusare.
334 681 399 726 Of.
433 681 487 725 de
518 681 649 726 Stoie.
688 695 779 736 rep.
813 695 849 725 c.
884 684 938 725 20
971 684 1118 737 (1043,
1156 682 1227 735 D).
1278 676 1462 738 ’Ἔφορον
1497 679 1547 723 δὲ
1581 679 1658 723 καὶ
1729 686 1733 690 ·

101 754 368 816 Ξενοκράτην
397 756 474 801 καὶ
495 756 752 817 Μενέδημον
778 757 1002 801 ἐπαινοῦσι
1024 755 1426 815 παραιτησαμένους
1445 754 1518 799 τδν
1535 751 1657 799 Ἀλέ-

101 834 288 892 ξανδρον.
351 834 403 878 V.
437 835 532 878 Cat.
564 835 624 878 M.
658 848 694 878 c.
731 838 769 878 9.
801 836 884 876 τῶν
915 833 963 876 δὲ
998 830 1237 892 φιληδόνων
1271 829 1367 876 τινὰ
1404 828 1656 888 βουλόμενον

99 904 216 967 αὐτῷ
236 912 422 952 συνεῖναι
443 907 783 967 παραιτούμενος
803 907 889 953 κτὲ.
931 910 983 953 V.
1007 911 1137 954 Phoc.
1162 923 1198 953 c.
1223 912 1292 953 20.
1320 909 1493 952 πολλῶν
1513 905 1656 951 αἰτου-

97 983 235 1040 μένων
265 982 470 1029 ἑστιᾶσαι
499 983 555 1029 τά
586 983 808 1044 νικητήρια
840 984 937 1036 τοὺς
975 981 1130 1036 ἄλλους
1163 983 1346 1028 Φωκίων
1380 980 1655 1042 παραιτησά-

97 1076 223 1116 μενος
251 1050 340 1105 κτὲ.
401 1062 494 1106 Neo
525 1062 705 1106 difficile
747 1065 817 1106 est
852 1062 1082 1106 intellectu
1119 1063 1299 1105 verbum
1336 1063 1656 1118 παραιτεῖσθαι

96 1137 189 1181 illic
219 1151 305 1181 non
335 1139 478 1193 magis
510 1152 609 1183 esse
642 1139 945 1193 corrigendum
976 1151 1104 1191 quam
1135 1138 1275 1181 tribus
1307 1137 1376 1180 his
1407 1136 1528 1180 loeis.

217 1214 299 1270 Qu·
323 1228 360 1259 ο.
382 1215 483 1270 VH,
510 1218 532 1258 7
566 1216 684 1270 (610,
718 1215 787 1268 E).
827 1209 940 1257 ἀλλὰ
971 1210 1265 1269 Κλειτόμαχος
1293 1212 1372 1269 μὲν
1403 1210 1426 1257 ὁ
1457 1207 1654 1272 ἀθλητὴς

98 1287 423 1345 ἐξανιστάμενος
453 1289 528 1334 καὶ
559 1286 717 1344 οῗπιιὸν,
749 1288 793 1333 εἴ
818 1307 885 1342 τις
916 1287 1100 1346 ἐμβάλοι
1130 1288 1254 1347 λόγον
1276 1287 1487 1348 ἐρωτικὸν,
1520 1288 1652 1332 ἐθαυ-

97 1361 269 1420 μάζετο.
313 1366 462 1411 Verba
483 1365 559 1410 καὶ
580 1361 728 1410 α’πιών
747 1370 926 1422 propter
945 1366 1071 1411 verbi
1094 1365 1320 1420 compositi
1340 1363 1653 1418 ἐξανίστασθαι

96 1441 186 1484 vim
217 1442 337 1486 delet
365 1443 515 1486 Herw.
547 1443 782 1486 Mirabitur
812 1456 931 1498 ergo,
969 1443 1083 1496 quod
1113 1445 1213 1498 461,
1253 1443 1294 1486 D
1330 1441 1513 1497 legitur:
1549 1438 1572 1485 ὁ
1610 1436 1649 1484 δ’

97 1512 356 1577 Εὐθύδημος
385 1517 623 1572 ἐξαναστὰς
651 1514 788 1577 α’πῄει
824 1523 926 1572 (non
963 1520 1099 1563 solum
1137 1517 1364 1576 ἐξανέστη),
1403 1521 1449 1561 et
1478 1518 1524 1561 iu
1554 1518 1650 1561 vita

95 1594 266 1638 Public.
300 1607 337 1638 c.
373 1597 417 1638 7:
449 1589 568 1652 ᾤχετ’
602 1591 853 1649 ἐξαναστάς.

213 1672 294 1725 Qu.
318 1685 353 1715 c.
376 1672 502 1729 VIII,
527 1676 566 1727 3,
594 1676 619 1714 2
651 1673 771 1727 (721,
803 1673 871 1726 Β).
910 1669 1012 1729 ὁρᾷς
1042 1669 1136 1729 γὰρ,
1168 1668 1237 1714 ὅτι
1267 1669 1343 1714 καὶ
1369 1672 1452 1713 τῶν
1471 1665 1650 1728 ἀγγείων

92 1744 147 1790 τὰ
180 1744 282 1791 κενὰ
313 1743 588 1807 πληττόμενα
617 1748 785 1804 μᾶλλον
814 1744 1020 1792 ὑπακούει
1045 1749 1248 1807 πληγαῖς.
1294 1748 1494 1807 Πληγαῖς
1513 1761 1568 1791 ne
1590 1748 1650 1791 sit

92 1825 324 1880 glossema,
347 1828 527 1869 veretur
540 1825 887 1882 Herwerdenus3
920 1825 998 1868 sed
1030 1824 1069 1868 si
1095 1824 1331 1880 genuinum
1352 1823 1424 1880 sit,
1458 1823 1648 1868 scriben-

92 1901 194 1943 dum
230 1913 330 1944 esse
366 1903 483 1951 ταῖς
518 1901 721 1958 πληγαῖς.
782 1901 944 1944 Refelli
979 1901 1156 1944 videtur
1191 1901 1333 1944 altera
1362 1900 1650 1943 Herwerdeni

92 1975 297 2031 suspicio,
329 1977 471 2020 altera
503 1977 747 2020 confirmari
778 1978 860 2020 hoo
885 1978 979 2021 loco
1012 1977 1084 2032 (de
1115 1965 1192 2021 esu
1221 1990 1337 2021 carn.
1360 1977 1396 2032 Ι,
1421 1979 1460 2033 6,
1482 1990 1523 2031 p.
1549 1980 1647 2033 2095,

92 2052 169 2106 E):
192 2050 233 2095 οἳ
255 2050 391 2095 πίθοι
410 2051 691 2110 κρουσθέντες
706 2047 865 2110 ἠχοῦσι,
889 2050 1100 2109 γενόμενοι
1118 2052 1166 2096 δὲ
1178 2049 1358 2110 πλήρεις
1373 2047 1445 2106 οὖχ
1458 2049 1649 2096 ὑπακού-

92 2141 186 2170 ουσι
195 2130 294 2179 ταῖς
304 2128 508 2187 πληγαῖς.
523 2128 728 2172 Ceterum
738 2128 825 2172 iam
833 2129 1128 2184 Doehnerus*)
1140 2128 1330 2172 correxit
1338 2131 1436 2180 ταῖς
1447 2129 1648 2188 πληγαῖς.

207 2204 461 2267 Amatorius
497 2205 585 2248 VII
625 2206 744 2260 (752,
789 2204 859 2259 F).
903 2201 1061 2264 ταύτην
1104 2199 1144 2248 δ’
1188 2201 1348 2263 ὁρῶμεν
1389 2199 1533 2263 ἄρχειν
1573 2203 1651 2249 καὶ

89 2284 261 2339 κρατεῖν
305 2281 528 2325 δοκοῦσαν.
596 2282 683 2325 Pro
733 2283 868 2325 verbo
920 2283 1128 2325 δοκοῦσαν
1171 2283 1320 2326 Herw.
1373 2282 1508 2325 scribi
1551 2283 1650 2325 vult

89 2359 330 2410 ποθοῦσαν,
377 2358 492 2411 quod
528 2357 615 2401 iam
653 2360 757 2401 ante
794 2357 915 2401 illum
950 2357 1182 2412 Emperius
1196 2358 1261 2413 **)
1299 2357 1497 2401 coniecit.
1558 2358 1649 2401 Alii

89 2446 259 2487 quoque
294 2434 410 2477 hunc
446 2435 589 2477 locum
628 2447 785 2478 sanare
823 2435 1071 2490 studebant,
1104 2435 1228 2479 velut
1263 2433 1533 2489 Madvigius,
1572 2434 1648 2487 qui

88 2510 400 2567 προσδοκῶσαν
419 2511 529 2554 vult.
577 2511 664 2555 Sed
695 2507 797 2569 ὁρᾶν
826 2526 921 2554 τινα
953 2507 1157 2556 δοκοῦντά
1179 2527 1223 2555 τι
1244 2513 1386 2555 ποιεῖν
1405 2510 1491 2555 alio
1512 2510 1645 2556 etiam

204 2615 238 2658 *)
264 2614 408 2659 Quaest.
434 2615 532 2651 Plut.
559 2615 608 2651 ΙΙ.
634 2627 668 2660 p.
695 2620 752 2651 36.

188 2672 245 2720 **)
266 2672 473 2723 Philologus
497 2674 542 2710 X.
567 2686 602 2723 p.
628 2678 708 2713 331.
